4498 6224
374 221 427 278 639
725 223 729 229 ’
913 223 1100 281 ΒΙΞΡΙΣΤΔΤ.
1120 225 1210 278 xvn.
1226 225 1342 282 cltttt·
1360 223 1408 278 tlt.
1892 219 1946 273 660

308 314 353 374 idi·
372 317 460 372 &nris
477 314 667 372 Ualertdonen
685 313 743 369 und
758 313 881 384 Bilrgem
895 317 994 372 wieder
1007 317 1126 370 idi-eod·
1182 321 1309 390 propinq.
1327 337 1374 371 nen
1393 315 1535 388 appellatio
1554 313 1666 371 studiosi
1685 338 1699 371 a
1718 335 1799 390 poena
1818 315 1911 369 statuti
1938 311 1997 366 nni·

306 399 436 472 rigises‘ten
450 401 502 454 den
514 416 619 470 process
631 399 703 452 restit
723 399 854 452 ieiotitlislv
874 401 1041 466 erkennen,
1064 417 1128 453 son·
1185 404 1315 456 sersitatis
1334 403 1374 456 sel
1391 403 1594 466 emendatione,
1612 401 1643 454 ad
1670 419 1744 471 quam
1771 401 1852 455 solam
1877 413 1998 468 poenae,

308 484 375 545 dero
391 485 507 540 vordero
521 501 567 538 um
586 481 696 535 Bartete
714 484 863 536 relareiien.
879 483 891 552 t
902 500 1011 554 «pataviam
1033 482 1131 536 formo·
1182 504 1247 558 quae
1266 489 1293 538 in
1310 487 1455 538 academiis
1473 487 1499 537 in
1518 503 1565 538 uso
1584 495 1646 538 sunt
1657 525 1666 551 ,
1684 497 1870 554 comparatae.
1890 493 1919 535 ut
1943 497 1998 534 non

309 569 362 622 lam
380 567 490 622 exhibet
509 567 577 620 Lier.
595 565 623 620 s'n
633 566 770 636 formulis
786 569 900 623 nonnil.
918 570 1132 638 eamerol.p.m.
1185 572 1295 622 multum
1313 570 1403 621 deinoi
1421 587 1450 621 aa
1469 567 1626 640 praejudicii
1646 569 1779 632 babeant,
1804 583 1863 618 uum
1891 561 2000 634 siquid

311 649 361 720 d.)
379 651 411 705 de
428 650 525 721 quibus
541 651 628 702 literis
648 648 844 703 inlaraaatoriis
869 668 901 704 es
928 652 1046 722 professu
1073 671 1132 721 ege·
1182 655 1468 715 coniunctissimas,
1495 653 1676 706 emendatione
1703 651 1772 704 vitae
1794 659 1820 700 et
1847 646 2001 702 eruditione

310 743 374 786 rnut
393 733 487 786 illustr.
504 731 552 784 du.
570 732 604 784 ds
622 731 717 786 ltisets.
741 733 806 796 disp.
829 734 861 786 de
879 735 951 788 liter.
974 735 1091 805 inform.
1109 750 1134 791 et
1185 757 1276 793 rursus
1294 741 1421 802 diluatur,
1435 741 1592 812 onustatim
1611 735 1786 798 admittenda,
1800 751 1833 786 ne
1850 733 1998 804 disciplina

310 814 355 868 dn·
376 815 525 868 Decum-
543 815 703 882 demm-
716 813 831 884 inform·
1185 823 1346 886 academica,
1365 841 1444 892 quam
1463 835 1577 874 sanctem
1597 838 1655 874 esse
1674 837 1725 870 non
1747 819 1834 868 minus
1859 816 1997 870 doetrinae

345 905 367 964 ς.
388 899 433 954 l'l.
452 900 529 971 Quod
550 899 587 955 uti
608 901 641 952 de
658 901 731 952 otnni
752 905 906 968 magistratu
925 899 1043 965 dietum,
1060 901 1131 972 qood
1183 907 1266 971 deest,
1286 908 1497 975 pereuntium.
1518 906 1610 975 steph.
1628 905 1660 957 de
1675 903 1794 976 jetione.
1813 900 1860 953 tit.
1879 901 1906 951 3.
1922 917 1952 968 p.
1972 899 1999 952 2.

310 983 451 1048 mandata,
471 983 570 1052 quibus
590 993 636 1036 sut
663 983 770 1035 sistitur
796 985 901 1036 illorum
925 982 1066 1050 officinm,
1086 997 1132 1039 ant
1183 1007 1208 1042 e.
1227 991 1270 1040 ld.
1289 1009 1317 1040 n.
1336 989 1381 1042 27.
1397 998 1440 1039 ant
1458 988 1545 1055 longis
1563 987 1730 1056 processibus
1752 983 1920 1046 retardetur,
1946 981 2001 1035 nisi

309 1063 433 1119 irritatur
453 1065 550 1118 borum
569 1067 745 1131 contumacis,
765 1083 817 1118 non
838 1069 895 1118 sine
913 1072 984 1137 previ
998 1086 1027 1121 ss
1041 1070 1130 1122 vertat·
1182 1077 1332 1145 egrediatur
1358 1072 1484 1124 terminos
1508 1071 1670 1122 academicae
1693 1067 1866 1121 correctionis
1891 1083 2001 1136 μοιιιι,

312 1147 373 1204 mitt
390 1165 464 1202 nanu
483 1160 573 1202 eontra
593 1149 667 1200 illum
688 1148 850 1203 ‹leserueoda
868 1151 940 1217 sint;
960 1156 996 1206 its
1018 1155 1066 1206 tanc
1079 1172 1132 1206 ms·
1183 1174 1261 1224 eaque
1281 1157 1309 1206 in
1329 1153 1489 1205 laeivaorosos
1507 1150 1629 1213 dictetur,
1649 1169 1673 1204 e.
1692 1167 1716 1219 g.
1735 1164 1823 1202 career
1843 1149 2000 1220 squalidus,

313 1232 389 1286 xime
406 1232 509 1286 obtinet
528 1231 557 1284 iu
576 1234 729 1302 magistratu
748 1235 893 1288 suademiso
909 1272 917 1298 ‚
932 1235 975 1288 cni
1000 1255 1031 1288 eo
1051 1239 1133 1304 major
1183 1241 1327 1292 diuturnus
1344 1239 1426 1289 nimis
1444 1249 1469 1289 et
1488 1234 1618 1297 iniainis,
1638 1245 1664 1286 et
1682 1234 1861 1294 criminaliter
1886 1245 2003 1303 agatur,

318 1313 430 1368 debetur
449 1315 626 1368 reverentias
646 1317 785 1380 studiosis,
803 1313 855 1387 qim
872 1319 970 1370 studiis
996 1323 1134 1374 humaniu-
1185 1323 1230 1374 ubi
1248 1339 1300 1374 non
1322 1322 1419 1383 miuus,
1433 1319 1488 1371 imo
1501 1319 1583 1369 multo
1594 1317 1676 1384 magis
1689 1317 1826 1379 studiosis,
1837 1333 1915 1384 qnam
1930 1316 1997 1367 alias

315 1397 390 1452 ribus
408 1397 610 1452 coursnisntins
627 1399 704 1450 istam
723 1400 798 1452 omni
818 1399 904 1452 studio
922 1401 1064 1455 exhibere.
1078 1403 1133 1458 Etsi
1184 1407 1361 1475 permittenda
1379 1403 1531 1476 appellatio.
1550 1399 1705 1454 cothmaoo.
1722 1400 1881 1471 responait.
1903 1401 1947 1451 ill.
1973 1419 2002 1453 n.

314 1483 387 1535 enim
406 1481 532 1534 studiosis
550 1483 645 1553 ubique
656 1481 711 1536 iere
724 1485 773 1534 laos
792 1485 958 1554 privilegium
972 1504 1132 1554 eoncessum,
1187 1491 1230 1543 nu.
1249 1491 1319 1541 lies.
1335 1509 1362 1554 p.
1375 1489 1400 1540 ii.
1413 1485 1471 1539 dee.
1483 1485 1545 1538 llll.
1557 1503 1586 1536 n.
1602 1485 1628 1535 il.

318 1575 349 1619 ut
367 1584 381 1619 a
398 1581 564 1636 quocumque
580 1583 661 1619 onere
672 1569 705 1620 ad
720 1570 882 1638 superiorem
896 1586 1034 1637 provocare
1046 1573 1132 1635 liceat,
1190 1599 1194 1608 ·
1221 1574 1244 1639 ς.
1265 1573 1307 1625 18.
1326 1574 1398 1623 llaea
1416 1579 1487 1640 suut,
1499 1587 1563 1638 quae
1577 1587 1625 1638 pro
1638 1566 1743 1620 ratione
1762 1563 1877 1620 instituti
1896 1562 1930 1618 de
1947 1581 2004 1617 ιι·

315 1653 389 1719 juxts
408 1649 484 1705 autlt.
498 1649 601 1704 natata.
611 1653 751 1721 pernerd·
768 1653 803 1702 ob
821 1671 898 1704 ovum
916 1656 1021 1725 injuria
1041 1656 1072 1706 dr
1086 1675 1133 1710 en·
1186 1657 1307 1727 piissima
1326 1657 1374 1706 har
1393 1636 1501 1705 materia
1518 1651 1691 1704 commentari
1710 1650 1795 1702 volni:
1815 1665 1867 1702 non
1879 1645 2004 1717 equidem

318 1733 424 1788 dumus.
435 1749 459 1786 e.
473 1753 502 1785 vs.
503 1733 552 1803 fil.
563 1750 613 1802 pro
630 1745 716 1804 patre.
732 1734 836 1788 liebnll'.
855 1737 889 1789 de
906 1736 1002 1804 privii.
1022 1741 1133 1793 studius.
1186 1737 1305 1793 diffiteor
1324 1741 1412 1808 plnres
1430 1737 1514 1788 adhue
1533 1728 1759 1806 praesumptiones
1778 1751 1828 1804 pro
1854 1733 2006 1803 magistratu

316 1819 382 1871 163.
402 1817 473 1871 Pete.
492 1818 573 1888 Grrg.
591 1819 732 1872 Tholossn.
750 1831 783 1872 tr.
796 1820 829 1875 de
841 1821 938 1888 appett.
957 1823 1004 1874 lid.
1019 1824 1045 1874 2,
1066 1840 1088 1876 s.
1107 1825 1131 1876 3.
1186 1824 1248 1879 eddi
1269 1825 1402 1894 potuisse,
1419 1836 1484 1891 quas
1502 1819 1661 1889 specialibus
1679 1819 1765 1870 adhue
1782 1835 1855 1889 capp.
1875 1818 1908 1871 ds
1927 1833 2002 1888 prae·

316 1921 334 1954 vv
359 1903 383 1954 d.
409 1899 464 1954 imo
482 1903 559 1956 etiarn
573 1905 606 1954 sb
616 1905 689 1956 omni
704 1905 902 1957 interlocutoria
915 1907 1041 1975 appellari
1056 1925 1134 1976 posse
1186 1909 1337 1978 sumptione
1356 1920 1405 1976 pro
1423 1903 1579 1972 magistratu
1598 1903 1626 1953 in
1644 1901 1748 1954 actitans
1764 1903 1822 1969 jure
1841 1902 2003 1972 privatorum

316 2003 333 2037 a
351 1983 468 2038 studioso
485 1985 603 2039 scribant
615 1985 670 2038 Jal-
691 1986 783 2039 l‘aeius
796 1985 835 2040 nd
845 1999 929 2040 comt.
940 1990 1014 2042 dono
1027 1989 1133 2045 Frider.
1185 1993 1275 2060 gestis,
1294 2001 1318 2044 et
1338 1991 1371 2041 de
1388 1987 1600 2058 praesumptione
1618 1984 1714 2038 tenuati
1734 1993 1843 2036 traotave
1860 1985 2006 2040 constitue·

318 2067 451 2135 depilati.
462 2069 531 2122 stud.
544 2085 570 2123 ο.
583 2068 648 2122 das.
664 2069 707 2121 20.
719 2078 748 2122 et
758 2071 819 2124 tots.
838 2070 923 2123 Andr.
943 2074 973 2124 r'n
994 2073 1079 2127 addit.
1096 2073 1136 2128 aad
1187 2091 1256 2126 ram:
1275 2073 1397 2126 sedeam
1419 2072 1549 2141 postea-ior
1566 2069 1744 2138 jamdudum
1770 2088 1786 2121 s
1811 2067 1856 2122 du
1883 2069 2006 2138 praeside

318 2153 415 2225 mend.
429 2153 476 2206 lid.
489 2154 516 2207 2.
533 2157 595 2206 inst.
610 2155 635 2206 3.
648 2157 689 2206 tit.
709 2154 741 2208 de
763 2166 869 2210 eoeecut.
886 2167 954 2210 sent.
973 2157 1028 2212 lion
1048 2169 1133 2212 tamen
1186 2157 1294 2227 speciali
1313 2151 1499 2210 dissertatione
1518 2153 1653 2217 ventilata,
1673 2171 1705 2205 ne
1725 2153 1835 2223 insuper
1849 2150 2009 2224 disputatio·

318 2235 433 2292 minime
458 2238 646 2309 porrigendum
673 2238 706 2290 ad
730 2239 903 2312 disciplinam
936 2243 1133 2308 academicam,
1187 2243 1229 2292 uis
1248 2241 1354 2293 modum
1373 2237 1619 2305 excederelieest,
1646 2236 1690 2288 hio
1715 2239 1862 2300 subsistere
1887 2237 2008 2306 ptaeatr.

315 2339 394 2392 quarn
415 2317 583 2392 magistratus
600 2323 649 2379 iste
667 2323 697 2376 iu
713 2323 852 2378 studiosam
871 2327 1031 2394 inventutem
1056 2335 1131 2380 eresi
1187 2323 1320 2379 Lentonem
1341 2340 1401 2378 vero
1421 2323 1575 2376 benevolum
1594 2337 1657 2388 rogo
1675 2319 1862 2388 oonteodoque,
1879 2330 1905 2371 ut
1920 2321 1942 2372 si
1957 2336 2011 2372 non

318 2414 377 2458 seta
393 2405 455 2476 qnia
473 2425 523 2477 pro
540 2405 583 2458 tate
600 2424 632 2459 eo
649 2410 730 2474 major
748 2395 948 2477 piassnmptio‚
974 2407 1027 2478 naso
1052 2409 1134 2478 magis
1187 2411 1276 2464 omnia
1295 2427 1336 2474 eo,
1354 2427 1405 2478 quo
1423 2406 1561 2470 debebant,
1572 2406 1676 2469 ordine,
1688 2421 1778 2474 aqam,
1790 2419 1840 2472 qua
1852 2403 2005 2472 oportebat,

321 2488 459 2542 doctrines
476 2507 506 2543 ss
524 2488 687 2544 eruditionis
704 2490 782 2542 laude
798 2492 934 2559 oonspirui
948 2503 974 2546 et
986 2509 1033 2562 per
1044 2493 1134 2547 literas
1187 2493 1323 2547 curatione
1342 2501 1464 2555 tractata,
1482 2489 1556 2558 arqui
1576 2489 1689 2557 bonique
1707 2487 1835 2548 coosulat,
1854 2495 1888 2555 et.
1899 2485 1927 2535 in
1948 2483 2008 2553 qni·

321 2573 491 2628 humaniores
508 2573 541 2626 ad
560 2573 750 2626 humanitatem
770 2574 868 2627 dueunt
885 2585 912 2628 et
929 2574 1134 2646 ducuntur‚qui
1188 2579 1236 2630 hus
1255 2594 1297 2630 me
1313 2577 1414 2645 lapsum
1433 2593 1490 2628 esse
1509 2572 1613 2637 viderit,
1632 2587 1691 2624 eoru
1712 2570 1777 2634 iliis,
1795 2585 1862 2640 qnae
1881 2567 1936 2639 ipsi
1948 2581 2008 2639 pro·

321 2675 381 2714 euru
401 2669 515 2728 gerunt.
532 2660 675 2712 Hinsoum
688 2671 869 2729 praeceptores
884 2661 975 2728 magis,
990 2678 1067 2729 quarn
1082 2678 1136 2713 ma·
1189 2660 1325 2724 babuntnr,
1344 2662 1499 2728 compenset.
1519 2657 1626 2708 Gratias
1645 2653 1749 2707 undem
1769 2652 1935 2716 humillimas
1961 2667 2009 2719 aflo

320 2745 445 2812 ‘istratus
463 2735 533 2810 sint,
551 2752 688 2814 parentum
708 2743 764 2796 loeo
781 2743 936 2808 constituti,
963 2755 1087 2814 paternus
1106 2744 1150 2811 irs¹
1191 2747 1245 2798 Deo
1263 2763 1289 2797 o.
1308 2761 1342 2796 ro.
1362 2760 1410 2815 pro
1428 2744 1532 2796 virilius
1549 2739 1633 2793 aniani
1653 2749 1681 2791 et
1698 2739 1819 2806 eorporis
1838 2735 1906 2788 mihi
1932 2733 2009 2787 besai·

323 2827 361 2880 its
379 2823 468 2896 potius
485 2827 594 2882 affectus
613 2821 797 2898 praesumitur.
813 2829 882 2880 dies·
897 2843 954 2894 pes.
968 2828 993 2896 d.
1005 2825 1060 2880 dee.
1071 2827 1136 2881 ΒΜ.
1187 2829 1318 2900 guissime
1331 2827 1457 2891 indultis,
1470 2827 1578 2894 ejusque
1589 2823 1701 2890 gratiana
1717 2823 1893 2903 imposterum
1905 2832 2008 2890 quoque

321 2919 347 2964 st
360 2909 422 2962 tttt.
441 2910 556 2966 Proinde
567 2927 619 2964 non
635 2908 711 2964 facile
721 2911 753 2961 ad
767 2911 950 2964 retardandum
962 2910 1132 2982 disciplinam
1189 2912 1286 2966 studiis
1305 2921 1333 2966 et
1350 2911 1487 2965 mustibus
1505 2909 1572 2961 meis
1590 2908 1703 2978 supplex
1722 2905 1849 2977 imploro.

320 2992 447 3050 audiendi
465 3003 535 3062 suut,
552 2991 600 3066 qui
611 2993 728 3064 querelas
741 3007 850 3048 movent.
861 2993 879 3047 l.
893 3011 940 3047 un.
952 3010 977 3046 s.
988 2993 1020 3047 de
1032 2996 1136 3050 emend.

660 3289 663 3298 Ι
756 3178 1086 3256 DISPUTATIO
1112 3180 1320 3258 DECIMA
1345 3177 1568 3255 OCTAVA

584 3387 686 3530 ns
722 3319 1253 3506 annuunaauu
1286 3351 1764 3546 nuunuunuu

834 3623 1504 3814 nuuuuuttnaouue
1624 3615 1631 3620 ·

904 3885 957 3930 nvn
980 3887 1042 3930 nx.
1066 3875 1239 3931 necesses.
1263 3883 1439 3929 asnoxavnv.

1009 4039 1362 4116 uendituri.

704 4211 1226 4314 vacono'noanna,
1262 4227 1394 4302 aaa.
1433 4221 1631 4294 sauss

891 4511 1446 4561 ψ

952 4747 1380 4821 enuntiantur.

338 4945 549 5078 Maximam
570 5001 776 5072 sambiornm
800 5003 979 5072 utilitatem
1003 5017 1035 5072 at
1062 5029 1103 5073 aa
1127 5003 1352 5070 necessitatem
1374 5021 1437 5091 pro
1456 4992 1619 5088 dignitate
1644 4991 1759 5060 multis
1780 4989 1923 5060 evehere
1943 5012 2002 5055 en·

335 5095 452 5162 oomiis
471 5096 498 5160 si
523 5092 705 5175 vellemus,
728 5094 789 5161 hae
811 5095 951 5187 paginae
974 5031 1061 5163 hand
1083 5093 1297 5161 sufficerent.
1320 5087 1467 5157 Proinde
1497 5095 1620 5175 quanta
1651 5081 1778 5189 utilitas
1809 5093 1923 5186 atque·
1942 5103 2003 5184 ne·

328 5193 459 5254 cessitas
481 5207 520 5250 ss
545 5183 677 5273 pyxidis
700 5186 851 5251 nauticae
875 5185 910 5249 in
935 5184 1223 5276 navigationibus:
1247 5196 1338 5249 tanta
1361 5177 1460 5244 etiam
1482 5188 1531 5240 est
1556 5171 1677 5239 cambis
1706 5195 1742 5239 ιιι
1766 5183 2002 5273 negotiationi-

330 5277 416 5362 bus3
438 5274 526 5366 quin
551 5273 746 5364 nentiquam
769 5275 921 5340 aberrare
945 5274 1135 5340 videbimur
1163 5274 1192 5338 si
1219 5273 1386 5349 dieamus,
1417 5263 1586 5331 sambiam
1614 5275 1686 5329 esso
1714 5264 1808 5352 qussi
1843 5279 2002 5364 purnium

304 5361 547 5448 elementum,
570 5362 640 5428 sine
663 5385 732 5454 qno
757 5363 899 5430 mondus
923 5366 976 5429 vix
999 5387 1035 5431 ao
1060 5388 1100 5428 ne
1125 5363 1182 5430 vix
1204 5363 1381 5428 subsistere
1411 5368 1535 5446 queat.
1570 5352 1616 5418 Ut
1647 5353 1712 5442 jam
1747 5351 1872 5416 silentis
1905 5347 2005 5451 peplo

331 5455 561 5528 involvamus,
584 5475 653 5542 qua
677 5453 802 5520 ratione
825 5453 953 5519 cambia
980 5458 1084 5519 varias
1108 5453 1390 5543 peregrinantium
1416 5445 1452 5511 in
1482 5445 1601 5508 itinero
1631 5439 1825 5521 molestias,
1852 5453 2000 5542 captivo·

333 5569 407 5614 rum
431 5565 569 5637 quoque
592 5541 836 5634 redemptiones
860 5545 984 5610 mirum
1009 5547 1044 5608 in
1071 5541 1208 5608 modum
1235 5540 1436 5623 sublevent3
1466 5532 1606 5625 regibus
1630 5531 1746 5600 aliisve
1777 5529 2006 5622 potentatibus
