4510 6214
262 333 317 391 stc

209 448 285 487 serus
298 431 441 506 fidelisque
458 432 583 486 eccleslse
599 435 735 500 minister,
755 443 782 486 st
795 435 839 502 qui
854 445 896 488 est
909 437 1020 507 ipspip·

211 533 311 586 puppe,
330 520 403 572 nulio
420 518 586 588 epistslmsts
603 518 694 572 induci
709 528 807 589 potest,
820 517 849 572 ui
862 521 938 586 telem
952 519 984 573 sd
1003 537 1023 573 s.

208 605 321 672 synesin
333 605 463 659 admittat.

155 685 190 740 lii
246 687 365 758 lienique
383 706 441 742 eum
460 683 580 740 ollioiuns
598 689 734 760 principis
754 707 806 744 non
827 698 929 742 tentum
943 689 973 742 sd
987 692 1023 743 ie·

184 761 251 838 'pes
270 788 297 822 ιι.
315 782 340 825 et
359 771 463 825 dislnss
480 773 638 825 adstrictum
659 776 710 836 sit,
738 777 783 827 sed
803 773 883 828 etism
908 787 1024 844 potestas

207 855 264 924 ejus
280 857 436 926 quandoque
454 857 557 926 legibus
572 855 839 926 fundamentalibus
864 872 891 913 et
916 872 1022 931 pentum

207 939 406 1008 circumscripte
426 941 471 1005 sit,
488 941 523 994 nti
544 939 577 992 de
596 957 700 995 summo
713 945 798 1012 capite
811 945 919 1013 imperii
939 948 1025 1001 nostri

206 1033 312 1084 constet,
331 1023 433 1092 aliquid
454 1023 581 1078 momenti
595 1025 675 1078 etism
690 1028 718 1078 in
732 1027 781 1080 inc
796 1030 904 1082 metetis
919 1030 1024 1094 afferes,

207 1119 242 1156 sse
261 1103 318 1156 scil.
343 1105 509 1174 epistsimsts
534 1105 684 1172 dirigentur
701 1119 792 1160 conten
812 1119 885 1176 pacta
911 1120 938 1162 et
956 1111 1026 1180 leges

206 1187 428 1242 fundamentales.
448 1187 520 1242 Licet
538 1189 609 1242 euim
629 1191 754 1258 peinceps
771 1190 821 1242 sub
838 1209 867 1243 se
878 1192 971 1245 hubent
985 1196 1022 1246 ie·

208 1289 269 1340 ges.
289 1290 341 1326 non
362 1283 448 1327 temen
467 1283 540 1342 puots
556 1282 586 1325 et
603 1276 792 1326 consensiones
818 1275 866 1326 sub
885 1292 912 1327 se
937 1273 1025 1330 hebet.

209 1355 314 1410 camttt.
332 1357 365 1409 de
383 1356 456 1410 Cuet.
476 1358 505 1410 in
525 1353 817 1429 divers.1·nr.sendut.
835 1357 865 1410 in
890 1360 913 1425 §.
937 1371 1028 1428 potest

208 1449 314 1512 pesque
332 1459 360 1492 n.
374 1439 417 1491 11.
432 1441 461 1493 Si
474 1457 536 1510 ergo
549 1453 639 1495 contre
652 1439 715 1511 qnid
730 1437 787 1505 fist,
802 1442 939 1494 evidentes
952 1446 1027 1513 prin·

208 1539 270 1595 ceps
288 1523 427 1594 potestetis
436 1539 498 1576 susc
509 1524 616 1576 excedit
629 1523 766 1578 terminos.
780 1525 940 1579 iamdudum
953 1529 1027 1581 euim

208 1615 250 1658 est
275 1607 380 1676 exploso
400 1606 445 1659 ilie
467 1607 640 1675 quorumdem
667 1609 815 1672 sententis,
834 1625 911 1677 posse
927 1610 1029 1662 scilicet

210 1687 394 1757 impesstcsens
414 1688 449 1741 de
465 1689 635 1756 plenitudine
649 1693 790 1756 potestatis
814 1693 904 1744 scirem
927 1691 1027 1761 sliqcid

198 1770 306 1836 ·lscese‚
324 1771 392 1842 qnod
411 1771 531 1840 siioquin
545 1785 612 1825 esset
625 1787 715 1826 contre
729 1775 798 1843 leges
810 1769 1027 1828 iustdsmcntiles.

156 1863 191 1915 33
208 1857 379 1915 Unds'sicuti
399 1873 483 1926 neque
509 1857 654 1927 impertior
679 1861 751 1910 solus
775 1858 880 1911 densete
907 1869 934 1910 et
958 1861 1029 1928 teges

210 1943 318 2013 inperii
333 1941 434 1994 sencice
446 1950 533 2011 petest
543 1942 601 2013 vij.
613 1959 641 2008 p.
655 1953 706 1996 ιιι.
726 1944 752 1993 3.
774 1949 795 2003 ς.
813 1941 962 2010 gaudent.
983 1961 1029 1997 ne·

209 2029 316 2102 quidem
337 2045 368 2080 ex
389 2025 559 2096 plenitudine
577 2027 733 2096 potestatis,
749 2027 805 2077 nisi
828 2026 957 2080 decisioni
978 2027 1028 2078 isn-

210 2111 303 2184 pesisli
321 2120 406 2162 stetus
423 2107 531 2178 inspecii
549 2124 654 2160 cauum
672 2107 856 2170 committent,
881 2124 932 2175 quo
962 2105 1030 2160 sele·

210 2195 291 2246 sends
309 2192 386 2245 sesbs
405 2207 439 2244 ex
458 2192 653 2260 supplicatione
672 2201 785 2244 statuum
806 2191 833 2240 in
847 2191 969 2242 comitiis
988 2206 1028 2243 es·

209 2276 406 2332 tichouensiiius
424 2283 500 2328 enno
515 2276 599 2328 1373.
624 2275 780 2344 imperatori
807 2273 945 2338 exhibite,
965 2285 989 2327 et
1014 2291 1028 2325 ι

211 2363 257 2414 dn.
277 2360 436 2414 Scitnedeto
454 2359 505 2428 jur.
521 2361 595 2432 petil·
611 2369 684 2431 pert.
707 2374 779 2430 spec.
798 2365 821 2422 ς.
840 2360 866 2409 1.
891 2375 917 2412 a·
936 2358 982 2411 33.
1005 2353 1032 2428 ᾖ.

533 331 581 394 cc
599 335 740 394 occino
757 305 899 407 cotun,
920 341 940 394 ι
961 332 1095 413 Quintis
1113 335 1363 400 Ettsttiitttt
1382 339 1564 406 cusnitit.

1073 439 1113 491 17.
1133 439 1254 504 nisinen,
1274 441 1344 494 conl.
1362 443 1406 496 dn.
1427 443 1525 515 Coccei.
1541 447 1597 517 Ῐιιι.
1614 447 1687 520 pudl.
1698 455 1780 521 prud.
1798 475 1821 510 c.
1840 455 1886 513 33.

1071 527 1093 583 ι.
1113 522 1157 575 33.
1174 533 1200 576 ιι
1218 525 1251 580 sb
1269 543 1299 577 eo
1317 527 1363 578 cit.
1383 528 1492 582 Panem.
1508 549 1531 584 c.
1550 532 1576 583 3.
1595 551 1624 586 ιι.
1644 536 1689 586 31.
1711 557 1739 609 p.
1755 539 1828 594 317.
1847 541 1886 595 its

1070 619 1119 658 nec
1135 607 1205 659 solus
1222 609 1384 677 epistslmsts
1403 611 1436 662 de
1454 613 1509 666 illis
1528 616 1621 684 rebus,
1641 637 1707 690 quse
1721 631 1804 676 totum
1824 642 1888 678 con·

1071 700 1182 744 cernunt
1201 691 1360 760 imperinm,
1380 702 1407 746 et
1424 693 1455 745 sd
1470 713 1534 764 ques
1547 699 1624 755 etism
1637 713 1721 758 status
1732 721 1889 761 concussere

1071 771 1181 838 debent,
1202 773 1264 826 ders
1283 785 1373 845 potest.
1395 777 1439 830 stc
1457 781 1624 850 epistsimets
1642 783 1705 842 dass
1729 789 1822 860 nequit
1846 807 1888 844 ιι·
1907 789 1943 844 33

1073 853 1144 906 tione
1163 857 1325 909 executionis
1344 861 1490 914 sententiae
1510 863 1538 915 in
1556 882 1658 921 cunero
1671 870 1710 923 sel
1724 870 1825 938 judicio
1843 891 1889 928 su·

1070 936 1124 991 lico
1140 949 1230 990 contra
1250 949 1344 992 statum
1364 943 1472 1014 imperii
1495 947 1575 1016 latae,
1595 951 1657 1020 quis
1683 955 1725 1021 jus
1742 961 1892 1028 exequendi

1073 1020 1217 1072 sententies
1235 1019 1389 1091 imperiales
1406 1027 1583 1085 directoribus
1596 1034 1756 1090 circulorum
1777 1041 1894 1108 publicis

1072 1111 1200 1154 assertum
1219 1117 1258 1158 est
1275 1106 1386 1174 iegibus.
1406 1109 1458 1161 sid.
1476 1113 1583 1168 dissert.
1600 1119 1636 1170 de
1648 1117 1713 1187 p'ure
1739 1121 1899 1193 exequendi

1071 1195 1183 1238 sentent.
1201 1186 1291 1257 imper.
1310 1189 1387 1243 Unde
1405 1194 1503 1260 etism,
1523 1198 1547 1249 si
1567 1201 1677 1254 nomine
1698 1204 1809 1274 imperti
1829 1205 1894 1262 snit.

1074 1267 1146 1320 tendi
1165 1269 1218 1321 sint
1235 1270 1325 1338 legati,
1345 1275 1467 1322 mundet·
1486 1280 1664 1339 expediuntur
1680 1303 1732 1328 uun
1746 1306 1759 1330 .
1776 1289 1832 1334 soto
1845 1289 1896 1336 tm.

1074 1361 1212 1419 perstoee,
1231 1353 1276 1404 sed
1295 1354 1415 1405 omnium
1435 1362 1547 1408 ststnum
1567 1371 1711 1413 consensus
1728 1380 1832 1436 qnoque
1862 1368 1895 1420 sd

1074 1430 1138 1484 haee
1154 1447 1314 1486 concinnere
1331 1433 1426 1499 debet,
1449 1437 1490 1489 sie
1509 1442 1615 1492 missen
1639 1439 1699 1496 ilsre
1727 1446 1814 1500 ordre
1838 1449 1900 1508 und

1075 1517 1232 1571 instruction
1257 1535 1315 1575 ιιοιι
1339 1530 1456 1590 puntcen
1481 1523 1582 1591 Ileiclte
1600 1525 1707 1592 liabens
1729 1547 1780 1600 qus
1808 1531 1841 1584 de
1868 1551 1898 1589 ee

1075 1603 1229 1672 perspicuus
1246 1613 1287 1656 est
1310 1615 1392 1673 textus
1415 1603 1445 1657 in
1472 1621 1493 1656 r.
1507 1605 1531 1675 ι’.
1549 1609 1583 1661 de
1608 1627 1686 1666 anno
1714 1613 1792 1668 1333.
1819 1624 1844 1682 ς.
1867 1619 1894 1671 3.

1075 1687 1129 1738 ibi:
1152 1688 1217 1742 [tud
1233 1687 1322 1742 lunden
1341 1687 1463 1758 durauff
1473 1687 1675 1757 Clsurjdrstem
1695 1696 1818 1753 Fiirsten
1839 1701 1897 1756 und

1074 1770 1175 1823 Stoend
1189 1769 1246 1823 sicis
1263 1769 1332 1838 ιιι]
1344 1788 1427 1827 anser
1444 1771 1619 1846 walgesallen
1637 1775 1715 1832 einer
1725 1782 1898 1838 instruction

1076 1869 1157 1908 unser
1173 1853 1236 1908 und
1250 1855 1296 1907 des
1314 1856 1385 1908 Heil·
1404 1857 1501 1910 lleiclu
1511 1858 1664 1930 Sedickung
1675 1861 1733 1916 und
1752 1865 1901 1922 Gesandter

1082 1937 1256 2007 Verlteltung
1271 1938 1438 2008 cergliclsen,
1458 1939 1573 1996 dt'eselde
1599 1959 1652 1996 uns
1675 1948 1825 2016 sugestellet
1850 1962 1900 2004 etc.

1080 2021 1154 2074 ldens
1172 2022 1253 2076 etism
1274 2023 1303 2074 in
1322 2021 1418 2077 militis
1432 2024 1577 2094 imperiali,
1590 2025 1683 2098 deque
1698 2033 1799 2085 temdiu
1815 2033 1844 2086 in
1858 2052 1900 2088 oo·
1919 2034 1955 2087 37

1079 2107 1168 2159 mitiis
1187 2107 1358 2164 delibetstnns
1377 2108 1442 2173 luit,
1462 2110 1656 2168 observandum
1670 2131 1728 2168 esse
1739 2127 1849 2186 pnto‚nt
1862 2137 1900 2172 sc.

1078 2191 1246 2285 epistelnssts
1263 2192 1296 2247 sd
1314 2193 1382 2248 benc
1400 2194 1599 2266 dirigentur-sb
1625 2197 1782 2270 imperatore
1800 2210 1828 2255 et
1846 2200 1899 2254 im·

1079 2290 1170 2342 pessos

922 2519 1171 2589 CAPUT
1217 2521 1279 2589 lll.

703 2692 760 2760 De
782 2693 898 2783 afficio
920 2689 1140 2786 epistulmuta
1163 2698 1411 2783 exequentium.

455 2863 791 2920 Summanu

217 3116 359 3174 Generalis
368 3116 502 3186 ingressus
516 3115 555 3172 ad
565 3127 647 3188 caput
656 3131 796 3189 praesens.
810 3135 838 3171 ιι.
852 3121 877 3172 1.

218 3201 350 3275 Officium
363 3201 444 3274 puisi?
456 3220 484 3253 ιι.
497 3201 523 3252 3.

190 3307 194 3312 ·
217 3287 346 3357 Officium
359 3285 529 3356 eps'stalmcte
542 3285 736 3357 exequentium
747 3282 921 3357 generaliter.
930 3299 958 3336 n.
973 3283 998 3336 3.

218 3371 351 3441 Obligatio
365 3369 490 3442 parendi.
500 3389 528 3423 n.
541 3369 567 3424 1.

220 3455 397 3529 vudestoce?
407 3476 436 3510 ιι.
450 3455 476 3506 3.

215 3544 265 3594 An
278 3545 362 3596 etiam
375 3538 516 3608 illegitimo
528 3537 652 3610 principi
661 3537 831 3606 parendum?
842 3557 870 3592 ιι.
883 3540 910 3591 3.

219 3622 418 3694 Pusendorffii
427 3625 572 3677 sententie.
589 3641 616 3674 n.
629 3621 654 3676 t:
668 3624 694 3675 3.

219 3709 372 3762 limitatio.
385 3727 413 3760 ιι.
423 3709 450 3760 3.
871 3772 875 3786 Ι

223 3791 360 3863 Οὸιίμιὶο
373 3791 493 3858 parendi
501 3790 590 3860 cdp'us
603 3786 762 3856 imperandi
771 3787 884 3854 respicit.
899 3803 928 3839 ιι.
943 3787 985 3838 tu.

218 3877 328 3946 liepuis.
339 3879 364 3926 i.
376 3873 501 3948 officinm
514 3871 673 3944 exspuentis
685 3870 811 3942 dirigens.
823 3889 851 3923 ιι.
864 3871 910 3922 11.

218 3959 290 4028 Eius
301 3960 429 4028 exegesis.
443 3975 470 4008 n.
491 3957 530 4009 13.

221 4047 269 4097 An
283 4043 385 4112 injusto
398 4039 563 4109 epistalmati
572 4033 739 4108 parendum?
752 4049 779 4086 ιι.
792 4034 837 4085 13.

221 4129 258 4180 ln
270 4125 352 4180 dubia
363 4125 490 4178 uoluntas
502 4121 633 4192 principis
644 4138 681 4173 ee
693 4118 792 4188 repulsi
807 4115 933 4187 justitiae
950 4117 1035 4174 intes·-

253 4209 396 4276 pretnnda.
408 4225 437 4258 ιι.
452 4205 494 4258 11.
508 4205 610 4258 13.13.
625 4206 669 4257 17.
678 4203 724 4256 13.

223 4297 258 4348 ln
271 4291 351 4344 dudio
363 4291 511 4362 parendum
521 4285 646 4354 principi.
661 4305 689 4338 ιι.
703 4287 747 4338 13.

222 4377 258 4426 ln
272 4373 353 4428 dudio
365 4389 414 4436 pro
427 4371 594 4439 epistolennte
606 4379 645 4422 est
653 4371 851 4441 praesumptio·
864 4378 893 4423 ιι.
906 4368 951 4420 33.
966 4367 1012 4422 31.

224 4453 346 4532 Pusend.
357 4457 410 4513 laec
420 4459 453 4513 de
465 4474 496 4510 re
507 4456 651 4509 sententia.
665 4474 693 4508 ιι.
707 4455 753 4506 33.

225 4545 341 4600 Cauteln
351 4559 401 4612 pro
416 4539 539 4594 ministro
553 4537 660 4591 intimo·
671 4555 699 4590 n.
711 4537 755 4590 33.
769 4535 812 4590 31.
827 4536 871 4589 33.

223 4637 273 4684 An
288 4641 314 4684 ct
333 4637 465 4699 quatenus
485 4621 707 4692 acquiescendum
724 4620 861 4689 principis
872 4618 1022 4674 assertioni
1031 4656 1039 4684 ,

256 4709 459 4784 praetendentis
470 4723 499 4760 se
512 4705 710 4777 loberejustas
728 4721 825 4760 enum
843 4703 913 4760 talia
932 4707 1040 4774 presci-

258 4798 366 4869 piendi?
378 4815 406 4848 ιι.
418 4797 464 4847 33.
475 4795 520 4847 37.

225 4885 345 4942 Decitio.
357 4899 385 4933 ιι.
403 4880 448 4930 33.
461 4878 505 4934 33.
516 4878 563 4930 33.

227 4967 387 5024 Parendum
399 4963 525 5032 principi,
536 4960 561 5013 si
571 4961 628 5033 ipsc
643 4958 767 5016 caecutio
779 4975 837 5013 son
850 4956 971 5012 inuoluit
982 4977 1041 5026 pec·

260 5062 360 5106 catum.
372 5067 399 5100 n.
414 5048 457 5100 31.
474 5047 518 5099 33.
552 5081 555 5092 .

226 5133 321 5204 lnipui
332 5128 509 5202 epistotmute
520 5129 642 5184 enecatio
656 5125 818 5195 differenda.
831 5143 861 5178 ιι.
873 5125 917 5180 33.

228 5214 383 5288 Explicatis
395 5215 413 5266 l.
426 5215 469 5264 33.
481 5229 504 5266 c.
518 5213 543 5265 d.
555 5231 635 5278 poen.
649 5229 675 5263 n.
691 5209 733 5263 31.
748 5212 792 5264 33.
805 5211 850 5264 33.
863 5212 906 5263 37.
919 5211 963 5265 33.

228 5307 309 5358 Dura
321 5301 455 5355 sententio
471 5299 528 5352 Jul.
542 5297 624 5354 Clari.
639 5315 667 5350 n.
682 5297 724 5348 33.

227 5383 440 5442 Controuersine
450 5383 693 5452 statusfirmctur.
706 5399 734 5434 ιι.
746 5381 788 5434 13.

229 5471 363 5526 dictiones
375 5467 563 5522 dubitandin.
577 5465 620 5518 11.
634 5465 678 5518 13.
692 5466 736 5518 13.
751 5465 794 5518 11.
808 5464 854 5518 13.

230 5553 362 5610 Heidesii
372 5549 513 5605 sententio.
527 5569 553 5604 ιι.
568 5549 611 5601 13.

230 5636 377 5708 ΒςΙῖιιιιιιιι
388 5633 549 5689 Helbesiut.
559 5651 584 5686 n.
599 5633 645 5688 17.

232 5721 360 5774 dictiones
372 5719 518 5772 decidendi.
534 5736 562 5768 n.
576 5717 618 5768 ts.
631 5718 673 5772 13.
686 5717 728 5770 33.
742 5717 785 5770 33.

359 5803 463 5875 Strylii
485 5803 546 5858 l'al.
570 5805 633 5857 Vll.

1082 2861 1191 2916 Decitio
1199 2863 1384 2936 juriscnnon.
1400 2886 1427 2920 n.
1442 2867 1487 2920 33.
1513 2887 1515 2894 ⁴

1081 2949 1155 3016 ling.
1171 2949 1270 3002 Grotii.
1283 2967 1311 3002 ιι.
1324 2951 1367 3003 31.
1382 2951 1426 3004 33.

1081 3029 1164 3164 Seppp
1179 3049 1236 3166 ppn
1255 3031 1285 3086 in
1303 3033 1430 3090 omnibns
1444 3049 1539 3105 parere
1555 3045 1686 3094 tenentur
1708 3041 1844 3100 dominis.
1872 3061 1900 3102 ιι.

1084 3199 1218 3273 disjicitur
1229 3205 1366 3258 sententie
1379 3203 1602 3262 dissentientium.
1616 3227 1644 3262 n·
1658 3207 1700 3261 37.

1084 3285 1132 3336 An
1146 3302 1221 3340 mors
1231 3287 1322 3367 potius
1329 3285 1503 3359 perferendo,
1517 3311 1600 3362 quom
1614 3302 1644 3348 ut
1667 3294 1728 3366 puis
1751 3305 1904 3366 exequutus·

1120 3367 1252 3435 iniustum
1265 3372 1420 3436 eps'stnlmc?
1430 3389 1456 3424 n.
1468 3372 1511 3426 33.

1088 3451 1217 3524 Officium
1227 3457 1318 3522 potius
1328 3454 1530 3525 deponendum,
1544 3475 1627 3530 pssum
1635 3461 1822 3532 exequendum
1830 3463 1904 3533 inp'u·

1119 3547 1188 3588 stum
1201 3538 1354 3602 epistnlmc.
1368 3559 1397 3593 ιι.
1409 3541 1454 3594 33.
1466 3543 1512 3593 33.
1799 3551 1802 3558 ’

1086 3622 1164 3675 Mors
1180 3622 1306 3757 siggenda
1329 3642 1399 3694 prae
1420 3625 1581 3681 executione
1605 3623 1693 3698 iniqui
1712 3625 1904 3700 epistalmasit.

1121 3723 1194 3758 num.
1228 3709 1251 3760 1.

1087 3789 1189 3844 Omnia
1202 3801 1290 3844 tamen
1303 3792 1383 3861 peius
1395 3790 1538 3845 tentando.
1551 3809 1580 3845 ιι.
1592 3789 1637 3845 33.
1650 3791 1695 3845 33.

1085 3873 1179 3930 Ratio.
1192 3893 1221 3927 n.
1233 3876 1277 3928 ot.
1291 3877 1335 3928 73.

1088 3962 1177 4015 Cocco
1194 3957 1346 4012 obedientia
1365 3961 1516 4013 llussorum
1533 3973 1560 4014 et
1578 3962 1800 4020 Moscoaitarum.
1818 3983 1846 4018 ιι.
1860 3963 1904 4017 33.

1084 4047 1222 4100 Sententia
1235 4045 1357 4115 Pusead.
1371 4045 1573 4115 distinguentis.
1587 4067 1617 4102 ιι.
1630 4050 1675 4104 33.
1687 4051 1731 4104 37.

1085 4129 1202 4200 tt.1·urts
1216 4147 1317 4183 ennon.
1331 4147 1360 4181 n.
1371 4127 1417 4179 33.

1086 4216 1267 4284 llepreltensio
1281 4215 1347 4287 ejus.
1361 4230 1388 4268 ιι.
1401 4213 1446 4266 33.

1090 4296 1289 4372 Pufendorsjio
1302 4299 1487 4368 respondetur.
1501 4313 1529 4350 n.
1541 4297 1584 4350 73.
1598 4297 1646 4350 71.
1658 4299 1705 4352 77.
1718 4299 1762 4353 73.
1774 4299 1821 4354 71.

1088 4383 1215 4454 Principi
1224 4382 1362 4437 uiolenter
1372 4399 1430 4435 non
1444 4379 1629 4435 reticendum.
1642 4400 1671 4436 n.
1687 4383 1730 4436 73.

1089 4469 1253 4538 Exemplum
1266 4467 1477 4520 cdrs'su'anorum
1491 4463 1679 4522 militantium.
1692 4486 1722 4520 ιι.
1734 4467 1779 4521 73.

1092 4557 1231 4624 Quatenus
1239 4552 1333 4616 prunis
1346 4549 1390 4604 tte
1400 4550 1525 4604 tisserius
1537 4551 1717 4622 respondeat?
1730 4571 1757 4606 n.
1768 4553 1813 4608 77.
1827 4552 1871 4606 73.

1090 4643 1127 4694 ln
1152 4635 1258 4710 injustis
1282 4633 1495 4707 epistcimutibus
1516 4634 1656 4690 clausulae
1679 4637 1721 4690 nil
1743 4649 1909 4711 operantur.

1103 4707 1113 4726 ⁵
1126 4739 1200 4774 num.
1212 4720 1258 4770 33.

1091 4803 1278 4874 Epistclmcta
1292 4799 1384 4870 iniqua
1396 4817 1431 4854 ne
1441 4799 1548 4871 quidem
1555 4819 1593 4857 ea
1605 4799 1634 4858 ci
1643 4803 1768 4876 homagii
1778 4803 1912 4876 alligent.

1128 4905 1200 4941 num.
1214 4887 1258 4940 31.
1426 4937 1434 4952 ,

1095 4974 1239 5040 Quaenam
1253 4969 1420 5036 epistolmcta
1430 4967 1551 5042 injusta?
1564 4989 1592 5025 ιι.
1604 4969 1649 5024 33.

1095 5060 1233 5126 Qtsntenus
1244 5053 1398 5124 principum
1415 5051 1588 5121 epistolmcta
1606 5054 1677 5108 circa
1688 5069 1768 5108 susm
1789 5063 1816 5110 et
1836 5055 1913 5110 etic-

1126 5136 1212 5201 pltortt
1224 5133 1359 5204 obligent?
1372 5153 1399 5188 ιι.
1414 5136 1459 5186 33.
1474 5133 1520 5206 31.
1531 5135 1577 5187 33.
1590 5135 1635 5188 33.

1092 5223 1258 5294 Exemplum
1273 5220 1421 5275 Antdrosii.
1433 5239 1461 5274 n.
1474 5222 1517 5274 37.
1532 5221 1577 5274 33.

1095 5306 1285 5374 Epistalmntc,
1299 5322 1367 5374 puae
1376 5305 1481 5371 pollion
1494 5303 1604 5376 negotia
1617 5303 1770 5374 respiciunt.
1783 5321 1812 5358 n.
1826 5303 1872 5358 33.

1092 5391 1139 5445 An
1151 5389 1233 5460 legati
1241 5387 1346 5459 possint
1365 5385 1471 5456 impune
1492 5389 1603 5460 eccequi,
1617 5389 1746 5462 puicpuid
1760 5389 1795 5444 iis
1819 5390 1912 5461 injun-

1128 5471 1215 5526 cium?
1231 5491 1257 5522 ιι.
1272 5471 1316 5522 33.

1092 5557 1189 5628 legati
1200 5573 1256 5609 nnn
1269 5555 1366 5608 debent
1375 5570 1430 5609 etse
1442 5557 1538 5612 timidi.
1550 5575 1578 5610 n·
1588 5558 1633 5612 31.

1093 5642 1142 5695 Ad
1152 5640 1334 5709 quaestionem
1348 5639 1524 5707 respondetur
1534 5641 1672 5714 negative,
1684 5639 1781 5698 additis
1793 5639 1908 5698 rationi-

1128 5725 1186 5776 dttt·
1198 5739 1225 5776 n·
1238 5722 1282 5773 33.
1296 5721 1339 5774 33.
1351 5721 1394 5774 31.
1408 5723 1450 5776 33.
1463 5724 1506 5777 33.
1519 5725 1565 5779 37.
