4498 6224
187 281 189 286 .
291 275 345 330 ω)
882 266 1086 324 causatus
1104 268 1284 328 statuens
1802 269 1857 325 ⁶⁶²

238 368 280 437 ad
304 367 389 436 bella
412 377 445 432 et
469 362 606 521 auseris
628 361 691 428 alia
715 361 816 428 ardua
841 363 983 452 gerenda
1011 367 1137 454 negotia
1165 389 1229 430 uon
1252 365 1390 432 minimo
1416 390 1565 433 successu
1596 365 1798 432 inserviant.
1831 365 1903 432 lma

238 461 311 526 sine
333 481 469 546 compen
495 455 652 521 iosissima
683 453 741 518 ltac
771 456 837 532 via,
873 453 1031 519 beneficio
1063 456 1221 520 nimirum
1249 456 1479 522 schedularum
1508 455 1718 522 cambialiuttt
1748 455 1904 544 pecunias

238 563 308 616 tuto
331 548 456 638 absque
481 545 548 611 ullo
571 543 762 610 discrimine
787 544 982 623 transcribi,
1010 544 1111 609 acob
1137 545 1223 609 varia
1248 544 1327 610 belli
1352 562 1386 611 et
1409 549 1508 612 maris
1534 543 1702 632 pericula,
1728 559 1763 610 ut
1793 559 1824 608 et
1860 543 1904 608 la.

238 657 369 705 tronum
394 637 646 724 piratsrnmque
669 633 960 722 depraedationes,
985 635 1175 699 commercia
1204 635 1256 698 rix
1279 658 1314 699 ac
1340 659 1382 700 ue
1405 637 1459 700 rix
1482 635 1622 699 exerceri
1648 634 1904 724 posse,inp1·o-

239 729 351 818 patulo
374 745 441 793 est.
467 726 528 792 His
553 725 666 814 itaque
689 722 882 808 pensitatis,
908 741 1077 814 postquam
1102 748 1118 786 a
1144 723 1317 811 magnifico
1343 725 1492 790 ‚ictorum
1521 722 1638 788 ordine
1666 723 1701 788 i„
1731 722 1905 788 cepheni,

238 843 287 884 nta
314 819 372 884 ltac
396 816 603 882 fridericiaoa
629 813 762 877 facultas
787 811 866 876 milti
892 833 1062 888 concessa,
1088 812 1222 901 publico
1245 813 1389 902 quodam
1414 815 1610 879 eruditionis
1634 813 1816 900 specimine
1835 824 1905 874 stu.

180 1001 181 1004 Ἴ
237 908 366 974 diorum
392 922 425 972 et
449 904 654 996 profectuum
681 924 826 966 meorttm
858 901 1082 968 testimonium
1114 903 1343 992 promerendi,
1374 927 1439 968 nott
1468 903 1527 968 diu
1560 901 1782 968 dubitandum
1813 901 1905 976 fuit,

237 995 404 1092 quodnam
430 997 464 1060 iu
488 994 652 1060 uberrime
679 991 734 1056 illa
760 991 971 1056 materiarum
996 1003 1105 1082 segete
1133 991 1302 1081 seligerem
1336 994 1466 1067 tltema,
1493 995 1527 1057 in
1558 1012 1626 1080 quo
1659 991 1785 1081 ingenii
1818 992 1904 1058 vires

235 1085 463 1244 feol'lelllfll'el'a
487 1082 574 1151 cum
599 1083 688 1147 essim
713 1079 753 1146 ad
780 1081 943 1145 monllulll
968 1082 1048 1171 impu
1075 1081 1205 1148 Leonis
1230 1103 1301 1148 ηομ,
1325 1081 1380 1169 46.
1405 1107 1442 1148 pa
1468 1105 1543 1173 pl'flss
1567 1081 1702 1144 efletffl'ls
1731 1081 1765 1143 iu
1796 1079 1907 1145 studio

270 1176 335 1270 gali
359 1177 428 1243 sint
452 1170 702 1265 pertractanda,
726 1193 870 1260 quorum
894 1169 1019 1258 aliquis
1041 1172 1082 1236 sit
1106 1194 1201 1249 usus,
1226 1172 1285 1260 qui
1314 1169 1399 1236 boue
1421 1173 1576 1260 quopiam
1600 1191 1702 1259 rentp.
1728 1170 1821 1254 huet»,
1853 1191 1904 1234 ar-

239 1269 308 1336 risit
331 1289 482 1358 praesens
506 1264 615 1329 tltema
639 1259 681 1326 de
703 1258 913 1326 cambialium
940 1259 1109 1326 literarum
1134 1263 1376 1348 acceptatione,
1400 1262 1567 1328 occasione
1592 1260 1674 1324 milri
1701 1271 1775 1322 nota
1802 1281 1840 1321 nx
1858 1280 1905 1322 so.

238 1358 342 1427 lemni
366 1353 525 1422 cambiali·
543 1350 780 1416 constitutione
803 1373 820 1415 a
844 1350 1052 1415 serenissimo
1074 1349 1213 1416 electore
1236 1348 1428 1416 Brandenb.
1457 1352 1491 1415 in
1521 1346 1655 1415 Proteia
1685 1370 1774 1412 anno
1809 1345 1903 1432 1684.

238 1447 420 1538 publicata,
447 1442 620 1533 praecipue
642 1463 717 1506 curo
739 1461 836 1504 nemo
859 1438 1053 1532 bucusque,
1077 1451 1241 1528 quantum
1267 1439 1362 1505 nobis
1384 1452 1521 1520 constat,
1536 1437 1576 1502 ad
1602 1438 1684 1504 lianc
1706 1437 1903 1504 cambialem

235 1538 477 1607 ordinationem
501 1533 685 1622 quicquam
710 1528 859 1618 publicae
882 1527 947 1593 luci
975 1529 1182 1617 exposuerit.
1207 1527 1414 1620 Quapropter
1440 1551 1503 1593 non
1530 1527 1690 1618 ingratam
1713 1525 1797 1592 hauc
1820 1547 1903 1614 qua·

236 1629 299 1698 lem
324 1625 455 1718 qualem
479 1619 619 1712 opellam
642 1618 850 1684 dulcissimae
875 1619 997 1709 patriae
1027 1618 1095 1685 fore
1128 1618 1278 1696 conlido,
1308 1620 1335 1683 si
1363 1621 1465 1685 ductu
1493 1617 1593 1705 hujus
1621 1613 1703 1705 juris
1732 1615 1904 1684 cambinlis

236 1741 361 1786 summe
387 1715 560 1806 practicam
585 1709 667 1775 hauc
693 1710 861 1773 materiam
891 1731 1062 1798 aggressus
1090 1709 1203 1774 fuero.
1231 1705 1404 1774 liletbodus
1431 1721 1542 1773 autem
1578 1707 1612 1771 in
1644 1707 1904 1791 praesentiarum

234 1809 312 1876 baec
335 1806 419 1886 erit,
442 1821 479 1869 ut
509 1830 534 1869 t.
558 1801 716 1866 sistantur
739 1798 903 1952 panstalia
926 1796 977 1864 lit.
1000 1801 1106 1864 camb.
1131 1799 1373 1888 acceptationis.
1401 1823 1432 1863 a.
1450 1797 1645 1882 Subiectum
1662 1818 1718 1858 acu
1736 1816 1903 1880 personae.

234 1899 264 1964 1.
288 1895 407 1962 Forma
433 1893 490 1958 ubi
517 1888 616 1957 simul
639 1889 680 1953 de
705 1911 741 1976 pa
758 1889 869 1952 mariis
893 1887 1064 1954 literarum
1087 1885 1193 1953 camb.
1219 1889 1390 1974 requisitis
1413 1891 1527 1955 erimus
1550 1885 1667 1949 acturi.
1691 1880 1723 1966 d.
1744 1879 1902 1948 Effectus.

233 1987 388 2078 Denique
412 1985 442 2048 5.
467 1980 581 2046 modus
606 1977 803 2068 procedendi
829 1979 955 2042 ratione
979 1990 1217 2068 acceptaturum
1243 1976 1291 2041 lit.
1314 1977 1418 2042 camb.
1443 1977 1497 2042 'I'u
1525 1978 1660 2064 itaque,
1687 1971 1773 2034 alme
1791 1969 1902 2048 Deus,

232 2099 345 2142 annue
368 2073 545 2162 clementer
568 2067 657 2133 bisce
679 2067 827 2154 coeptis3
851 2090 866 2130 a
893 2080 925 2130 te
949 2089 1025 2132 vero
1048 2067 1082 2133 b.
1107 2064 1129 2131 l.
1153 2089 1298 2156 aequum
1325 2065 1405 2130 mihi
1426 2065 1581 2154 polliceor
1596 2061 1770 2152 judicium,
1786 2062 1812 2124 si
1834 2085 1901 2125 nnn

232 2168 342 2231 omnia
368 2184 427 2250 pto
449 2157 674 2250 amplitudine
696 2157 886 2246 argumenti
909 2171 1073 2240 accurate,
1096 2179 1183 2247 quae
1204 2156 1369 2247 comptius
1391 2179 1427 2221 ac
1455 2155 1619 2246 copiosius
1646 2147 1754 2216 afferri
1785 2153 1905 2239 potuis-

233 2267 330 2341 sent,
352 2250 535 2340 esbibuero
557 2248 733 2316 adornate.

895 2427 1142 2536 otrus
1202 2429 1231 2496 t

862 2621 1049 2693 Generatta
1071 2621 1252 2692 exhibens.
1421 2639 1423 2646 ’

452 2831 477 2887 C
488 2833 512 2882 0
523 2829 550 2884 Ν
559 2827 581 2880 S
591 2829 618 2882 Ρ
636 2825 665 2880 B
676 2827 701 2882 C
713 2825 739 2878 P
751 2821 808 2880 US
1087 2821 1273 2875 inclamares.
1281 2818 1539 2890 numismar.cop.'l.
1551 2835 1579 2870 n.
1590 2816 1616 2868 l.
1628 2815 1715 2867 Nisei.
1726 2811 1760 2867 tle
1771 2811 1907 2866 Passerils.

1088 2908 1122 2960 cis
1140 2908 1240 2970 privat.
1252 2908 1375 2972 scriptur.
1387 2906 1433 2958 lid.
1448 2906 1473 2956 ³.
1487 2924 1531 2975 qu.
1545 2902 1588 2953 11
1604 2920 1631 2954 n.
1655 2901 1680 2952 l.
1703 2899 1728 2950 ll.
1748 2899 1848 2964 hocque
1865 2913 1907 2947 ro·
1927 2906 1944 2959 4

223 3004 364 3072 Ingr'sutst
373 2994 576 3070 disputationis.
591 3013 620 3046 n·
634 2995 660 3045 l·
674 2991 700 3044 ²·
1087 2991 1208 3044 sabulum
1228 3007 1318 3044 rursus
1336 3009 1350 3044 a
1376 3005 1465 3056 graeco
1484 2984 1537 3039 ἀπὸ
1555 3001 1602 3037 του
1619 2983 1753 3054 seperta,
1780 2975 1909 3056 saepiu,

224 3083 394 3138 Vocabulum
406 3080 503 3132 cambii
522 3077 596 3132 ande
608 3075 744 3148 originem
759 3074 870 3129 truitae.
882 3089 908 3124 rs.
921 3072 946 3127 1.
959 3071 986 3124 l.
1086 3073 1155 3143 qood
1176 3073 1246 3125 idem
1265 3082 1320 3134 eat,
1338 3072 1410 3141 quod
1431 3069 1519 3130 flecto,
1539 3080 1676 3135 permuta.
1694 3065 1777 3116 Germ
1809 3077 1911 3114 verive·

220 3171 266 3222 De
276 3167 385 3236 cambio
397 3175 424 3219 et
437 3169 580 3234 comprare
594 3159 731 3215 remr'ssiue
743 3160 844 3226 agitur.
857 3176 883 3210 n.
899 3157 924 3209 5.
1086 3156 1188 3214 clarelra.
1205 3145 1327 3210 senecen
1340 3156 1471 3222 originem
1490 3152 1593 3205 trabere
1609 3159 1747 3201 attestatur
1766 3141 1909 3214 Matquard

220 3251 261 3303 'id
280 3250 413 3304 cambisis
426 3246 525 3318 injure
538 3245 615 3298 laud
627 3243 781 3311 reperitur,
801 3243 869 3295 heae
889 3249 982 3294 tomen
999 3240 1039 3292 Τὸ
1086 3239 1208 3292 tract.'de
1218 3240 1279 3307 iure
1296 3247 1442 3291 mercator.
1457 3247 1483 3289 et
1494 3250 1635 3288 commerc.
1648 3232 1693 3282 lib.
1706 3231 1731 3282 1.
1750 3246 1807 3299 cap.
1820 3229 1861 3280 tn
1881 3245 1910 3278 rs.

255 3332 392 3389 cambium
403 3329 478 3400 paud
489 3330 638 3382 deducitur.
651 3346 678 3379 n.
691 3327 718 3378 1.
1088 3324 1131 3374 to.
1151 3323 1193 3374 dn
1218 3319 1493 3375 autetn'subatautira
1519 3317 1616 3369 exinde
1639 3315 1773 3366 cambium
1803 3311 1861 3363 scil.
1882 3319 1943 3378 sig

220 3417 362 3474 Cunthiam
376 3414 528 3484 antiquitus
543 3409 726 3479 multipliciter
737 3417 903 3472 nstrrpatum.
916 3425 942 3458 ra·
957 3409 983 3459 t.
1086 3423 1206 3474 cumpace
1227 3407 1263 3456 ita
1283 3421 1330 3456 usu
1350 3405 1481 3460 venerint,
1500 3399 1622 3452 raouaulii
1643 3395 1729 3448 adbuc
1755 3392 1907 3444 fluctuant.

225 3505 290 3556 Vox
306 3501 444 3553 literarum
458 3497 531 3550 ande
550 3493 699 3551 descendat
716 3502 743 3546 st
762 3493 951 3562 quotupliciter
966 3493 1036 3548 aeci-
1089 3489 1199 3544 interitu
1218 3489 1260 3542 Τὸ
1277 3485 1407 3540 canente
1428 3487 1455 3536 in
1480 3485 1536 3550 jure
1561 3492 1652 3533 nostro
1678 3477 1744 3530 baud
1770 3475 1944 3543 occurritis

255 3587 354 3656 pietur·
373 3599 402 3634 rs.
413 3584 440 3633 8·
452 3582 480 3634 1.
1085 3573 1153 3625 bene
1173 3585 1260 3626 tamen
1280 3573 1321 3625 Τό
1339 3569 1472 3622 cambiero
1492 3565 1586 3631 legitur
1600 3567 1624 3614 1.
1634 3560 1665 3630 s
1676 3561 1701 3614 l.
1715 3563 1737 3626 ς.
1749 3567 1906 3614 samosateus

155 3659 161 3670 ’
221 3669 332 3726 misum
342 3677 454 3736 etymon
468 3653 663 3734 temptationis
680 3661 792 3734 ejusque
810 3659 906 3715 sarias
923 3659 953 3712 in
969 3659 1038 3732 jure
1085 3657 1110 3707 1.
1121 3669 1148 3709 es
1162 3653 1222 3724 ¹·s·
1236 3656 1279 3706 11.
1290 3655 1320 3706 in
1333 3647 1629 3720 uerusipuisfecerit.
1643 3643 1701 3716 ²·f·
1715 3643 1815 3695 attuit
1833 3639 1905 3691 idern

259 3752 454 3821 usurpationis.
468 3771 496 3805 rs.
511 3752 554 3802 10.
569 3753 613 3802 11.
627 3767 698 3821 sopp.
1084 3735 1208 3799 denotat,
1227 3737 1296 3806 quod
1315 3736 1386 3788 alicui
1414 3733 1521 3787 feudum
1540 3730 1659 3796 eiusdem
1679 3730 1777 3796 pretii,
1796 3736 1906 3777 notante

224 3841 379 3894 Bniibetur
388 3837 549 3908 synonimis
562 3833 670 3888 cambii.
683 3851 712 3887 n.
725 3831 770 3885 tt.
1086 3818 1211 3872 Gallicis.
1227 3819 1274 3870 all.
1288 3819 1339 3870 loc.
1354 3819 1394 3869 lit.
1408 3817 1434 3868 d.
1450 3817 1503 3868 rid.
1517 3833 1574 3882 cap.
1594 3831 1641 3866 un.
1654 3813 1701 3864 lid.
1719 3811 1745 3861 t.
1770 3808 1902 3862 decretal.
1928 3827 1931 3840 ·

223 3922 270 3976 At
280 3917 432 3988 doadiffert
443 3919 565 3991 collybus
578 3927 604 3970 et
615 3914 743 3988 spandola
760 3912 941 3984 colbiistisa·
961 3927 1038 3965 narn.
1086 3903 1118 3954 ‘10
1129 3899 1237 3954 ΜΗΘ
1250 3913 1274 3949 ⁶·
1292 3899 1317 3952 θ·
1330 3900 1359 3949 ’71
1373 3912 1416 3962 it?-
1432 3915 1463 3947 2·
1477 3896 1509 3948 ‘¹⁶
1522 3904 1630 3957 emili·
1651 3905 1678 3945 θ’
1695 3909 1758 3956 ΜΡ·
1772 3907 1819 3944 ¹¹⁶·
1839 3904 1907 3940 lm·

259 4007 304 4060 tt.
318 4007 361 4058 to.
892 3999 895 4008 '
1071 4000 1134 4054 'pra
1147 3983 1261 4036 decima.
1274 3980 1306 4032 ds
1322 3980 1431 4031 decimis
1442 3978 1470 4030 in
1484 3979 1612 4044 Jtrouog.
1626 3978 1793 4045 Quapropter
1812 3972 1906 4023 inlesi·

229 4079 719 4156 Traditursrnortyntt'olitancanrd.
735 4043 880 4130 111111.
1087 4085 1154 4130 tuus,
1172 4065 1269 4118 cambii
1289 4065 1397 4116 uerbum
1417 4063 1549 4116 ueteribus
1568 4055 1765 4126 significatione
1785 4059 1842 4108 scil.
1861 4073 1904 4122 gc·

222 4171 336 4246 &ociis
357 4170 496 4242 quomodo
520 4165 682 4222 conueniant
700 4179 762 4217 crana
779 4159 867 4214 literis
888 4155 1037 4212 sabanis.
1087 4153 1181 4214 amali,
1194 4149 1303 4221 speciali
1317 4160 1342 4203 et
1355 4146 1545 4217 specialissima
1556 4145 1668 4202 senisse,
1681 4159 1711 4193 ac
1725 4141 1848 4209 equidem
1862 4141 1905 4207 (1)
1921 4155 1941 4207 ς

263 4276 292 4312 n.
311 4259 355 4311 til.
1089 4253 1136 4306 pro
1153 4233 1351 4306 permutatione
1368 4246 1457 4282 rerum
1471 4243 1522 4298 pra
1541 4226 1626 4285 rebus.
1645 4225 1690 4275 aad
1711 4225 1739 4273 io
1760 4225 1849 4272 satore
1861 4239 1903 4274 aa·

223 4341 394 4414 Synonyntia
408 4333 609 4408 acceptationis.
620 4350 647 4384 ts.
659 4330 705 4384 10.
814 4365 816 4372 .
1087 4322 1157 4390 quali
1176 4335 1199 4372 r.
1217 4335 1241 4370 c·
1260 4319 1354 4370 donus
1372 4311 1583 4384 prefruraeuto.
1601 4305 1645 4376 (1)
1662 4305 1715 4358 Pro
1732 4302 1904 4373 permutatio·

146 4445 152 4453 ·
225 4420 552 4497 dbiaepuiturdsscrsptio
567 4413 761 4489 acceptationis
771 4411 841 4465 liter.
852 4409 941 4464 eamd.
953 4425 982 4460 ta.
993 4407 1038 4460 11.·
1088 4420 1121 4454 ue
1137 4417 1230 4454 rerunt
1245 4417 1298 4470 pro
1315 4397 1444 4466 pecunia,
1455 4410 1520 4463 quae
1538 4391 1680 4458 emptionis
1697 4398 1725 4440 et
1740 4385 1906 4438 venditiouts

537 4539 538 4544 ,
1087 4496 1202 4538 statutam
1222 4482 1319 4534 imisit.
1337 4479 1380 4550 (3)
1401 4479 1453 4530 Pro
1469 4477 1665 4548 permutatione
1680 4469 1779 4535 speciei
1796 4468 1834 4520 nd
1849 4483 1905 4531 spa·

192 4631 206 4680 ι
227 4597 252 4663 ς.
272 4595 298 4647 1.
316 4549 406 4652 Corn
423 4539 824 4658 disputatoria-communesne
836 4577 929 4641 soleat,
944 4575 1035 4628 statira
1086 4564 1164 4630 cura,
1181 4581 1227 4618 sen
1245 4565 1369 4632 menatae
1386 4578 1446 4613 cum
1466 4559 1584 4628 pecunia,
1603 4557 1647 4608 cui
1665 4555 1716 4606 soli
1734 4551 1833 4604 cambii
1854 4567 1903 4600 uo·

226 4685 254 4733 in
272 4680 333 4748 ipso
350 4673 519 4743 frontispicio
538 4665 708 4728 tractationis,
728 4675 866 4729 antequam
880 4659 912 4710 atl
932 4659 1037 4714 ulterio-
1089 4669 1149 4706 taen
1167 4651 1309 4713 remansit,
1327 4650 1464 4699 indicente
1482 4645 1567 4697 fusius
1583 4643 1665 4696 Gsite
1682 4642 1717 4694 cis
1731 4638 1821 4693 credi·
1840 4653 1902 4702 sapt

225 4777 282 4814 rstn
301 4757 423 4828 anapesto
436 4752 655 4824 pmnaadtanuu,
669 4763 748 4817 pauca
759 4745 886 4813 quaedam
898 4743 931 4795 tte
943 4743 1041 4796 voculis
1087 4738 1155 4804 1)».
1173 4737 1218 4790 tn
1236 4755 1264 4788 n.
1285 4733 1366 4785 tstt.
1383 4748 1457 4798 sopp.

228 4846 455 4915 praemittamus
472 4835 566 4897 illatis,
584 4843 612 4884 ut
630 4831 713 4898 Gajaa
731 4828 818 4898 iuquit
836 4829 863 4878 ia
882 4823 1040 4894 ismarus
1123 4828 1147 4882 1.
1165 4822 1192 4872 1.
1207 4819 1325 4874 Ulterius
1340 4815 1458 4866 accurrit
1476 4829 1527 4866 sos
1544 4811 1700 4870 literarum.
1717 4823 1825 4876 quarunt
1848 4805 1902 4856 eri·
1921 4819 1943 4874 ς

193 4932 255 4996 ²¹·
275 4927 358 4997 Μ
375 4943 400 4978 ο.
411 4924 439 4996 )“.
458 4919 580 4973 manibus
597 4932 655 4968 sern
674 4909 936 4982 egisse-sidentur,
964 4908 1040 4974 bttjua
1087 4908 1176 4974 picem
1195 4903 1292 4957 sitleaia
1309 4899 1377 4970 sputi
1399 4897 1576 4950 flecmanomn
1595 4891 1905 4962 alearigirtdatdingv.

226 5013 323 5088 praesti
341 5005 395 5064 nec'
406 5005 456 5062 oea
473 5009 502 5059 its
515 5001 722 5076 praesentiarum
735 5000 916 5058 immemores,
929 4993 1042 5044 nouum·
1087 5009 1115 5062 p.
1128 4992 1191 5042 011.
1202 4987 1311 5040 Martia.
1324 4983 1352 5035 in
1363 4981 1445 5033 lexic.
1455 4979 1586 5046 philolog.
1599 4977 1717 5028 Existunt
1735 4986 1823 5027 autera
1843 4974 1896 5026 tita-
1918 4998 1941 5052 9

231 5101 267 5162 la,
286 5095 332 5151 sed
352 5105 440 5148 tamea
457 5089 572 5144 concisis
589 5084 685 5146 serbis,
698 5099 757 5135 enm
770 5080 818 5132 diu
835 5077 871 5128 ils
889 5074 1042 5132 immorari.
1090 5090 1135 5126 rae
1152 5073 1181 5125 ia
1197 5073 1255 5138 iore
1272 5064 1428 5134 multiplicia
1443 5059 1663 5128 significationis,
1685 5061 1902 5126 accipiemusque

229 5183 252 5234 ai
271 5182 347 5232 littus
364 5191 440 5230 arare
456 5183 572 5227 etenira
590 5169 660 5220 oleas
679 5161 788 5230 sagari,
812 5163 885 5212 cirea
910 5157 1042 5208 rubricato
1091 5153 1169 5208 tutatio
1183 5153 1225 5222 (1)
1243 5167 1293 5220 pro
1309 5145 1494 5214 chirographo
1510 5155 1530 5196 t.
1552 5153 1572 5194 t.
1591 5141 1656 5194 inst.
1676 5141 1712 5194 da
1733 5139 1803 5194 liter.
1820 5141 1902 5208 stirp.

229 5259 424 5318 dissertationis
443 5267 544 5309 nostrae
562 5247 710 5304 annotanda
728 5261 786 5296 esse
802 5241 1023 5295 existimavimus·
1091 5239 1133 5308 (1)
1150 5255 1200 5306 pm
1217 5231 1383 5286 emanantia
1399 5241 1425 5282 et
1444 5227 1631 5280 instrumentis
1647 5241 1692 5276 seu
1712 5224 1872 5276 testimoniis
1884 5223 1905 5272 l.

264 5353 284 5410 ς.
304 5347 329 5400 1.
348 5347 445 5400 Vocem
464 5340 550 5404 ltaque
566 5331 747 5390 comitialium,
760 5326 829 5397 quud
841 5326 946 5386 attinet,
960 5324 1044 5376 scien·
1093 5317 1184 5388 siff.
1196 5319 1229 5372 de
1241 5315 1318 5388 offic.
1334 5311 1450 5382 praescii.
1468 5312 1489 5364 i.
1503 5309 1548 5362 ott
1558 5307 1598 5375 ff
1617 5308 1650 5362 dc
1669 5319 1844 5378 procurator.
1861 5305 1903 5380 (1)

230 5432 294 5484 duan
310 5439 368 5489 est,
383 5428 457 5479 iliam
476 5440 491 5474 a
511 5419 589 5472 rerba
606 5415 733 5473 cambire,
750 5420 797 5462 aut
814 5408 954 5462 cambiare
972 5409 998 5456 tt.
1016 5423 1039 5457 e.
1091 5421 1141 5475 pao
1156 5401 1316 5470 disciplinis,
1333 5414 1379 5450 sen
1397 5395 1494 5464 primia
1509 5393 1647 5448 elementis
1664 5391 1903 5450 addimentum.

404 5505 605 5562 descenderunt
620 5496 752 5570 politioris
765 5495 916 5544 literaturae
928 5491 1042 5558 scripto·
1089 5492 1154 5541 irast.
1173 5487 1205 5540 de
1223 5491 1342 5538 secaret.
1362 5489 1445 5533 tutor.
1464 5477 1586 5544 Denique
1603 5489 1652 5543 pro
1668 5473 1780 5541 epistola
1799 5471 1903 5524 absenti

939 5577 968 5629 in
984 5576 1040 5628 col·
1091 5571 1256 5630 tnnsniasa,
1273 5563 1341 5634 quod
1360 5562 1437 5630 buius
1453 5555 1723 5612 uetustissimam
1738 5549 1834 5618 Brieff.
1849 5552 1905 5603 ts.

228 5523 388 5588 mutitare,

231 5603 307 5657 ribus
323 5614 380 5654 nun
395 5594 569 5664 incognitam,
585 5587 639 5640 sid.
659 5582 773 5637 Didaeua
789 5579 927 5634 Quassus.
