4438 6214
385 295 438 348 35⁴)
1017 284 1338 346 prout-:attunt
1922 285 1977 338 ddi)

341 385 487 456 methodi
514 379 672 457 titionem
697 385 780 452 liene
803 378 903 475 elegi,
929 377 1039 470 primo
1055 381 1162 468 capite
1180 382 1332 467 praemisi
1359 379 1542 475 quaedam,
1565 405 1649 476 quae
1674 381 1809 450 tutelam
1837 379 2017 449 illustrium

335 479 522 548 universim
547 479 584 545 in
607 476 790 545 Germania
817 473 1017 564 respiciunt,
1041 470 1247 559 insimulque
1269 473 1506 542 cetntrorersias
1529 475 1669 541 maxime
1694 473 1852 540 solemnes
1867 471 1950 540 circa
1969 485 2021 536 tu·

334 567 435 634 telam
461 569 657 647 electorum,
683 566 892 658 principum,
917 561 985 627 iano
1008 561 1137 628 romani
1154 562 1239 652 regis
1255 561 1402 652 adjunxi.
1419 561 1535 630 Postea
1552 563 1713 630 matribus
1730 562 1916 655 principum
1934 561 2022 629 Ger-

338 657 470 724 maniae
496 660 548 747 jus
575 656 696 723 tutelae
720 655 862 734 asserui,
887 669 920 719 et
943 651 1177 742 plerarumque
1203 647 1402 720 familiarum
1427 653 1607 721 illustrium
1632 653 1668 720 in
1698 655 1838 741 imperio
1860 649 2020 742 exemplis

339 747 517 838 probatum
542 746 629 812 dedi.
653 745 757 814 Porro
779 742 863 834 quid
888 743 1050 809 matribus
1066 738 1252 808 illustribus
1267 754 1449 834 antequam
1464 743 1505 812 ad
1523 745 1660 812 tutelam
1677 741 1913 824 admittantur,
1930 765 2027 832 prae-

337 837 488 903 standum
516 835 702 915 incumbat,
726 833 891 924 indagavi.
915 827 1048 898 Deinde
1070 826 1345 900 administratoris
1376 848 1542 902 maternae
1567 834 1823 923 amplitudinem
1851 851 1884 900 et
1911 831 2025 900 sestri-

335 927 480 992 ctionem
505 925 744 1012 demoustresi3
766 938 800 991 et
823 919 975 1004 demum,
998 944 1065 1013 que
1081 922 1206 987 ratione
1222 920 1464 991 administratio
1480 924 1557 992 baec
1573 941 1719 992 materna
1735 923 1872 992 finiatur
1886 919 2022 1014 subjeci.

333 1017 458 1081 Omnia
486 1038 564 1082 sero
589 1015 683 1092 lsaec,
706 1017 756 1080 uti
780 1014 929 1078 exercitii
955 1012 1133 1078 academici
1154 1035 1251 1078 causa
1282 1016 1460 1102 proposita,
1488 1015 1536 1082 sic
1561 1013 1644 1082 ¹citra
1675 1014 1778 1082 ullius
1806 1015 2022 1104 principalius

332 1102 453 1170 *domus
477 1104 718 1195 praejudicium
743 1107 864 1190 scripto
888 1105 921 1168 et
943 1101 1107 1168 intellecta
1133 1101 1223 1182 solo,
1248 1119 1283 1168 et
1306 1101 1383 1169 ltine
1405 1106 1512 1172 sicubi
1536 1105 1587 1171 rel
1611 1105 1738 1172 ratione
1765 1103 1841 1172 lacti
1872 1125 1924 1169 mc
1955 1125 2021 1170 non

335 1197 414 1258 setis
439 1195 670 1272 informatum,
697 1194 746 1259 ael
771 1193 849 1258 eliae
872 1192 915 1257 ob
938 1191 1088 1280 specialia
1114 1189 1314 1257 familiarum
1345 1192 1522 1260 illustrium
1553 1208 1645 1283 pacta
1674 1218 1728 1260 mc
1761 1196 1796 1259 in
1826 1193 2022 1283 applicando

334 1283 408 1370 jure
434 1305 499 1349 uon
524 1286 604 1349 satis
627 1301 722 1350 caute
745 1299 910 1348 semotum
935 1280 1033 1346 luisse
1055 1281 1298 1362 olnerraseris,
1322 1283 1481 1351 benevole
1505 1285 1625 1366 lector,
1650 1305 1689 1350 eo
1705 1283 1874 1351 lubentius
1892 1287 2021 1354 reniam

338 1372 506 1462 largieris,
531 1375 589 1464 qui
616 1395 682 1439 non
708 1395 767 1464 pro
790 1372 1013 1437 decisionibus
1037 1371 1178 1460 publicis
1202 1371 1279 1438 haec
1303 1373 1459 1453 vendito,
1486 1374 1543 1442 sed
1571 1376 1719 1441 exercitii
1744 1375 1920 1440 academici
1945 1397 2023 1442 cou-

336 1485 386 1540 ιι,
411 1473 443 1527 et
470 1481 503 1527 ut
531 1462 663 1528 meliore
690 1465 900 1553 imposterum
927 1459 1076 1545 edocear,
1102 1461 1179 1526 haec
1203 1471 1331 1528 tantum
1358 1487 1515 1554 propono.
1541 1462 1636 1532 Deus
1659 1487 1690 1530 o.
1716 1487 1757 1531 m.
1783 1485 1957 1557 supremus
1974 1492 2022 1534 rc-

335 1573 416 1643 gum
443 1553 705 1645 principumque
729 1563 837 1630 tutor,
862 1553 903 1616 ita
929 1564 1020 1641 regat
1043 1573 1157 1616 omnes
1180 1551 1369 1642 principum
1394 1568 1516 1622 tutores
1540 1558 1762 1660 tutricesqne,
1779 1565 1817 1620 ut
1834 1559 1935 1646 probe
1952 1581 2022 1648 per·

336 1639 501 1732 pendant,
526 1665 567 1708 ex
592 1642 728 1710 sollicita
754 1642 912 1733 principis
935 1643 1120 1730 impuberis
1143 1641 1336 1710 educatione
1362 1644 1507 1712 suturam
1533 1663 1566 1712 ιι
1588 1645 1739 1713 ecclesiae
1761 1663 1793 1713 et
1817 1645 2018 1738 reipublicae

335 1730 472 1796 salutem
497 1729 701 1824 dependere,
727 1733 854 1824 quippe
878 1733 904 1799 si
930 1731 1009 1798 huic
1033 1727 1074 1797 ab
1099 1729 1318 1816 incunabilis,
1342 1733 1485 1826 cognitio
1507 1735 1660 1804 creatoris
1684 1735 1753 1818 sui,
1783 1751 1816 1802 et
1844 1763 1907 1830 qua
1934 1765 2023 1808 rese·

336 1821 441 1886 sentia
467 1819 561 1888 illum
585 1821 691 1890 colere
714 1822 848 1906 debeat,
874 1845 939 1887 aton
964 1821 1065 1888 luerit
1090 1819 1266 1902 instillata,
1290 1821 1345 1890 sed
1371 1825 1500 1894 animus
1528 1828 1602 1916 ejus
1631 1825 1830 1896 tenerrimus
1863 1829 2020 1897 vitiorum

333 1910 508 2012 exemplis,
526 1915 701 2016 tuterisque
726 1911 843 1980 muudi
871 1912 1034 1980 illecebris
1058 1913 1227 1993 imbutus,
1249 1913 1470 1984 certissimum
1493 1913 1572 1987 inde
1587 1916 1726 1986 infelicis
1740 1917 1912 2009 regiminis
1929 1945 2023 2012 prae·

334 2023 463 2094 sagium
487 2017 624 2072 orietur,

1018 2183 1341 2256 curura

872 2353 929 2426 De
951 2357 1060 2425 tutelo
1079 2359 1277 2452 principum
1299 2367 1338 2428 in
1360 2387 1494 2454 genere.

566 2563 592 2620 C
607 2563 631 2616 0
645 2564 672 2616 Ν
683 2568 704 2620 s
715 2565 743 2617 P
758 2563 783 2615 E
795 2561 821 2615 C
837 2564 862 2616 T
875 2561 904 2617 ll
911 2565 934 2616 S
1198 2557 1331 2628 perlectae
1343 2559 1432 2614 aetatis
1444 2575 1496 2615 uon
1510 2569 1577 2626 sunt,
1591 2559 1703 2614 alterins
1715 2561 1793 2616 tutela
1813 2575 1959 2635 repeutm,
1977 2567 2029 2626 laea

1200 2640 1228 2692 in
1243 2641 1412 2713 principibus
1424 2645 1731 2716 quoqueaequieaimuru
1743 2647 1810 2710 erit,
1833 2664 1848 2699 a
1873 2649 1948 2718 culus
1966 2667 2028 2722 pra·

329 2733 423 2793 galam
436 2731 590 2800 principum
603 2729 714 2784 tutelone
727 2729 848 2797 aequatus
860 2736 943 2798 urget.
954 2725 978 2798 5
992 2729 1017 2780 l.
1200 2723 1273 2779 denti
1292 2727 1444 2783 educatione
1461 2728 1548 2784 intare
1569 2733 1645 2786 totins
1665 2731 1830 2802 reipublicae
1850 2729 1964 2790 felicitas
1981 2735 2026 2790 de·

328 2817 471 2885 Priamipee
483 2816 632 2886 impeteret
644 2831 680 2866 un
696 2815 836 2884 majestate
845 2813 1033 2883 gaudeuotlt.
1045 2812 1071 2866 2.
1200 2809 1303 2876 pendet
1317 2811 1386 2866 Deus
1399 2813 1456 2883 ipse
1469 2811 1604 2866 iulelieem
1619 2815 1719 2868 eeosult
1732 2816 1944 2888 rempublicam,
1955 2821 2028 2887 coine

329 2901 417 2962 patre·
431 2899 552 2972 principi
568 2915 627 2952 non
645 2894 807 2968 denegando
824 2897 941 2968 provisio
953 2899 987 2953 ata
998 2895 1152 2970 tuealafilia‘.
1200 2893 1324 2963 princeps
1338 2895 1427 2948 iulans
1440 2907 1490 2959 eet,
1502 2897 1572 2967 quod
1586 2913 1639 2952 non
1654 2899 1683 2950 iu
1699 2915 1730 2952 eo
1749 2907 1865 2967 tastum,
1883 2903 1927 2972 qui
1947 2915 2028 2960 aetate

367 2983 390 3057 5
410 2987 435 3037 3¹
1201 2976 1342 3040 inl'enaestt
1354 2979 1398 3032 sed
1411 2997 1488 3050 qnam
1502 2983 1617 3034 marimo
1629 2979 1659 3033 ln
1672 2999 1712 3045 eo,
1730 2984 1776 3054 qui
1791 2985 1930 3055 pnuleutia
1939 2991 2028 3042 et'mo-

332 3069 415 3139 Quod
427 3083 572 3138 „pamm
585 3067 716 3139 empse,
729 3067 888 3122 ommium,
902 3073 923 3131 ς,
937 3065 962 3118 ι,
1202 3059 1276 3111 ribus
1296 3072 1421 3132 perpetuo
1446 3063 1535 3118 iulans
1560 3076 1664 3128 manet,
1691 3065 1742 3118 eibi
1763 3069 1850 3120 locum
1866 3070 2027 3137 vindicabile

330 3157 381 3208 An
391 3168 528 3207 successor
538 3149 599 3204 lsuic
610 3148 787 3216 dispositioni
797 3163 871 3203 sture
882 3150 1030 3205 teneatur?
1040 3156 1061 3213 §-
1074 3149 1099 3204 ll.
1200 3155 1324 3212 quorenrn
1341 3147 1381 3200 illi
1395 3159 1498 3200 centum
1510 3164 1639 3202 annorum
1661 3151 1758 3219 pueri,
1777 3163 1886 3220 qnorum
1906 3157 2028 3212 meeninlt

333 3237 408 3306 Quid
415 3233 583 3307 principibus
594 3233 701 3299 s'mpers'i
707 3236 780 3288 circo
792 3235 903 3288 tutelone
915 3233 1152 3291 testamentorium
1200 3243 1271 3282 seces
1283 3231 1376 3298 pagine
1395 3231 1457 3286 Ero.
1473 3233 1517 3284 ott.
1525 3251 1552 3287 e.
1567 3233 1613 3284 2⁰.
1625 3243 1654 3285 ut
1668 3245 1692 3288 et
1703 3236 1745 3302 ius
1757 3251 1883 3289 eunome.
1896 3239 1939 3292 28.
1958 3257 1981 3295 e.
2000 3243 2026 3296 2.

370 3315 627 3390 pem-„umppffi
1200 3329 1243 3379 qu.
1264 3311 1290 3362 'i.
1311 3311 1443 3366 relerendi
1468 3329 1535 3369 stant.
1559 3317 1629 3369 Sene
1649 3319 1694 3368 nbi
1718 3317 1820 3371 artibus
1843 3323 1992 3392 imperandi
2008 3346 2025 3380 e

332 3405 381 3464 A„
390 3403 546 3474 mensa,
556 3417 621 3455 m,
629 3400 693 3470 pm
706 3400 1059 3471 0110d5012·p0m·,100,1s?§,
1071 3400 1098 3452 ’1.
1202 3395 1286 3465 prime
1301 3397 1429 3462 iuuentute
1437 3401 1519 3468 probe
1531 3417 1583 3451 nou
1598 3400 1748 3453 instituitur
1761 3403 1893 3474 princepe,
1905 3408 1951 3461 sed
1962 3425 2022 3478 pau.

336 3486 432 3540 Tutela
442 3481 645 3538 testamentario
655 3501 694 3536 crs
701 3484 785 3535 els'um
797 3481 826 3535 iu
840 3483 986 3538 electorotu
997 3484 1088 3536 locum
1101 3483 1152 3534 iso·
1201 3481 1284 3532 eersie
1303 3481 1420 3535 moribus
1432 3484 1554 3554 principe
1567 3485 1677 3536 omnino
1690 3485 1809 3554 indignis
1824 3487 1962 3556 imbuitur,
1977 3511 2024 3563 ps.

369 3568 454 3621 pm?
468 3575 489 3630 ς,
502 3568 530 3619 3,
1201 3579 1260 3615 eous
1272 3563 1357 3616 boues
1370 3567 1425 3635 spei
1440 3567 1586 3619 remanebit
1602 3566 1726 3620 subditis.
1745 3567 1830 3620 Sicuti
1845 3570 1917 3626 enisu
1936 3576 2022 3645 pluri.

333 3652 466 3714 Rationes
477 3667 530 3718 pro
543 3649 678 3720 negativo.
690 3655 712 3711 t.
725 3649 752 3699 ll.
1201 3659 1271 3696 etum
1287 3645 1409 3710 interest,
1421 3647 1518 3717 quibos
1531 3649 1633 3701 artibus
1644 3649 1790 3719 quibusque
1805 3654 1923 3707 moribus
1943 3657 2021 3711 iusti-

334 3739 505 3804 A,3„„„„,a
516 3751 565 3800 p„
580 3735 663 3788 emp„
675 3731 890 3787 testamentaria,
902 3741 922 3796 ς,
936 3736 980 3785 10,
1200 3735 1286 3782 tuetur
1297 3729 1377 3794 ciris,
1401 3747 1454 3801 quo
1476 3731 1552 3786 utilis
1570 3731 1713 3804 aliquando
1732 3737 1798 3806 reip.
1819 3737 1882 3790 belli
1901 3743 2024 3813 pacisque

332 3815 426 3869 Mt„
439 3817 573 3869 „musfa
585 3817 756 3882 promam.
772 3821 793 3876 ς,
809 3818 854 3870 11,
1201 3819 1318 3884 tempore
1331 3817 1435 3868 existet:
1454 3816 1491 3868 ite
1512 3817 1644 3886 principie
1662 3817 1779 3870 ernusto
1791 3835 1921 3875 summam
1940 3827 2025 3894 exigit

334 3899 382 3950 An
407 3900 493 3951 tutelo
514 3897 667 3952 electoralis
692 3897 781 3950 solum
792 3897 842 3973 jus
864 3895 983 3967 eligendi
1005 3897 1153 3968 respiciet?
1200 3893 1468 3964 diligentiam,cojus
1485 3901 1603 3951 auianum
1628 3899 1713 3952 adbuc
1735 3909 1854 3955 tenerum
1879 3906 2022 3964 eiulatibus

370 3973 394 4047 5,
416 3979 459 4028 aa,
1199 3992 1348 4033 assuescere
1361 3979 1440 4034 facile
1454 3992 1503 4035 est:
1517 3979 1668 4038 dilficolter
1679 3997 1766 4038 autem
1782 3987 1934 4043 recidantur
1944 3993 2021 4059 attio,

335 4063 469 4131 pomum
482 4063 645 4132 afflatam,
659 4070 680 4128 ς,
696 4063 740 4114 13,
1199 4078 1336 4131 quaecum
1350 4063 1407 4134 ipso
1428 4076 1582 4130 eraserunt,
1605 4079 1633 4120 et
1651 4085 1717 4139 quse
1738 4085 1824 4139 postea
1843 4077 2020 4142 perniciosum

334 4150 383 4200 ‚ln
396 4167 422 4198 o.
437 4148 461 4198 t.
473 4148 630 4213 soliputruo
640 4145 842 4214 prospectore.
858 4146 900 4200 st.
1200 4146 1314 4200 subditis
1332 4149 1456 4218 praebent
1477 4152 1642 4221 exemploru,
1664 4169 1716 4222 quo
1737 4155 1819 4220 majus
1837 4157 1961 4212 dausnam
1979 4163 2021 4215 in·

334 4229 387 4282 Hic
399 4228 552 4298 consutile
560 4227 670 4282 excludi
680 4229 756 4280 solet.
769 4235 791 4291 t.
807 4229 850 4280 tt.
1120 4251 1123 4258 ·
1200 4228 1286 4283 lesem
1298 4233 1365 4303 reip.
1376 4251 1454 4302 quens
1466 4235 1533 4304 qnod
1549 4235 1625 4288 bonis
1645 4237 1748 4305 legibus
1768 4241 1905 4294 emendari
1926 4246 2020 4314 possit.

327 4312 490 4376 ‚Probabilis
502 4312 636 4366 sententio
646 4311 794 4381 stellabitur.
806 4317 828 4375 ς.
843 4313 887 4362 lo.
1200 4317 1366 4387 Quapropter
1377 4320 1489 4374 omnino
1502 4323 1690 4391 aequissimum
1703 4334 1760 4390 est,
1773 4337 1801 4378 ut
1814 4329 1847 4380 de
1865 4331 2017 4402 principum

338 4391 411 4462 Quid
428 4395 515 4464 possit
537 4395 637 4450 elector
660 4395 732 4450 cirea
753 4394 908 4466 provincius
933 4393 1153 4454 haereditarios?
1199 4401 1279 4454 tutele
1291 4412 1318 4455 ιι
1330 4402 1393 4456 inde
1406 4404 1572 4475 dependente
1583 4409 1693 4476 provide
1707 4407 1861 4464 educatione
1869 4431 1946 4484 quam
1963 4435 2017 4470 aaa.

367 4477 392 4544 ς.
412 4477 453 4530 tt.
623 4511 630 4522 -
1199 4483 1272 4538 sime
1283 4485 1391 4540 solliciti
1406 4488 1490 4541 aimus
1504 4489 1531 4541 in
1547 4491 1693 4558 republica.

333 4559 378 4612 De
387 4560 471 4614 tutelo
483 4560 555 4632 repis
568 4561 724 4615 Boiemioe.
737 4557 761 4632 5.
775 4559 819 4614 18.
1231 4585 1252 4638 ς.
1271 4569 1296 4620 2.
1316 4568 1462 4640 Antequam
1476 4589 1538 4625 aero
1550 4573 1582 4625 ed
1595 4575 1718 4644 specialia
1730 4573 1825 4630 lacieru
1838 4593 2015 4651 progressum,

333 4641 378 4694 De
390 4641 474 4694 tutelo
487 4643 630 4697 electorum
640 4645 891 4699 ecclesiasticorum.
907 4641 930 4716 5
945 4645 989 4702 19.
1199 4654 1271 4725 prius
1284 4652 1316 4708 ‹le
1330 4655 1435 4710 illorum
1451 4660 1581 4711 sententie
1595 4661 1729 4731 paulisper
1741 4661 1955 4735 dispiciendum,
1969 4673 2017 4741 qui

334 4725 379 4777 De
391 4725 477 4778 tutelo
487 4725 641 4795 principuus
653 4726 782 4794 legitimo.
793 4727 816 4794 ς.
829 4727 873 4778 2⁰.
1197 4738 1253 4803 jure
1265 4750 1369 4792 uetorae
1383 4741 1512 4810 pupillum
1526 4756 1629 4794 summe
1642 4753 1770 4813 quiestote
1778 4744 1890 4813 paudere
1899 4755 2016 4806 nonest·

330 4807 376 4860 De
389 4804 743 4874 tuteluseudulisueonr'co.
756 4813 776 4865 i.
790 4811 834 4862 21.
1196 4821 1319 4874 elimenta
1336 4839 1416 4876 omne
1434 4825 1524 4889 euim,
1542 4822 1685 4896 inquiunt,
1698 4823 1820 4882 officium
1840 4832 1970 4904 principis
1989 4848 2016 4891 ιι

333 4890 403 4943 Just
411 4888 648 4958 cosssroteruitcn's
659 4891 785 4944 coiceret
791 4893 838 4963 jus
848 4892 957 4951 tutelae·
968 4903 989 4958 t·
1001 4893 1045 4945 22·
1197 4920 1314 4960 summae
1331 4909 1479 4978 potestatis,
1497 4909 1526 4960 iu
1546 4909 1653 4963 tuendis
1667 4909 1718 4964 sibi
1733 4911 1860 4980 sabjectis
1877 4918 2011 4985 consistite

330 4969 406 5027 Idem
418 4971 446 5025 iu
460 4973 582 5038 principe
592 4973 921 5042 cepectotioomlsetente.
933 4977 960 5030 d·
971 4980 990 5034 S.
1002 4979 1045 5034 22
1197 4990 1292 5058 pupilli
1313 5001 1398 5044 entem
1418 5009 1451 5045 ne
1469 4993 1585 5063 propriis
1603 4993 1709 5063 quidem
1729 4994 1811 5047 rebus
1822 5013 1944 5065 praeesse
1954 5018 2013 5072 pos·
2127 5041 2140 5058 .

330 5062 380 5110 An
391 5056 549 5124 imperatori
559 5059 643 5113 tutela
654 5058 805 5130 principum
819 5069 953 5129 commta!
962 5059 977 5111 Ρ
986 5065 1008 5119 i·
1020 5061 1066 5114 23·
1195 5083 1267 5136 suut,
1287 5077 1459 5128 multominus
1479 5075 1510 5129 ed
1530 5078 1642 5146 regende
1665 5081 1826 5150 reipublicae
1843 5083 2015 5152 gubernaculo

331 5139 504 5208 Principibus
513 5139 622 5210 imperii
632 5150 748 5195 tutorem
762 5160 818 5195 nun
833 5144 1146 5216 daaereuegoeMt.
1196 5155 1285 5209 idonei
1304 5167 1388 5213 erunt.
1408 5159 1459 5213 Sed
1485 5159 1645 5230 respondeo,
1672 5161 1704 5214 de
1728 5165 1787 5233 jure
1811 5176 1920 5222 naturae
1942 5189 2016 5226 ruere

330 5227 385 5282 sled
397 5241 508 5278 comere
521 5224 678 5296 imperatrici.
691 5237 711 5290 ς.
723 5225 778 5313 25.ι
1195 5256 1377 5310 superuacuam
1397 5243 1445 5296 hec
1462 5241 1494 5296 sle
1511 5260 1540 5296 ιι
1553 5243 1760 5313 disputationem
1775 5265 1846 5302 esses
1860 5255 1957 5306 etenim
1971 5273 2013 5309 re-

333 5311 371 5364 Ut
382 5318 409 5363 et
417 5307 548 5376 sarculum
562 5309 694 5406 aulicum..
701 5319 721 5376 ς.
734 5309 778 5360 28.
808 5388 816 5406 ι
1195 5340 1306 5392 gnorstm
1326 5327 1574 5396 principatuumque
1591 5330 1793 5384 constitutiones
1807 5349 1858 5386 nou
1873 5337 1924 5401 juri
1938 5355 2012 5394 netu·

332 5394 398 5462 Quis
411 5403 486 5446 tutor
498 5395 670 5466 imperotores
681 5391 851 5458 tmpalttm?
860 5403 880 5459 t·
893 5389 937 5444 Ἢ·
1198 5419 1270 5464 turae
1287 5409 1486 5475 adscribendae,
1504 5411 1549 5463 sed
1570 5429 1617 5466 usa
1635 5431 1664 5467 ec
1690 5417 1846 5472 necessitate
1870 5420 2009 5479 homiuum

1199 5492 1375 5557 introductae,
1394 5483 1504 5564 ideoqire
1520 5497 1571 5563 iuri
1598 5498 1714 5565 gentium
1741 5499 1838 5555 debent
1863 5506 2011 5576 originem,

325 5572 340 5627 ς
367 5567 393 5615 1.
415 5509 517 5638 Quod
536 5559 1147 5640 naturalijual'oouseuieusesee,tlisitimpa-
1196 5593 1249 5644 ης,
1269 5583 1290 5639 ς,
1311 5577 1338 5630 2,
1355 5581 1417 5633 ῑηςι,
1435 5581 1467 5633 α,
1477 5580 1504 5651 j,
1524 5595 1551 5631 η,
1568 5599 1594 5651 3,
1613 5591 1639 5634 ee
1655 5599 1679 5636 ρ,
1697 5583 1842 5638 Videamus
1858 5587 1937 5657 igitur·
1955 5609 2010 5647 m.

327 5659 399 5704 sator
412 5649 579 5705 lastinianus
592 5649 620 5702 iu
634 5649 655 5704 l·
665 5667 726 5720 peu·
738 5649 801 5702 lust.
815 5647 849 5704 da
862 5649 1033 5706 Attii-tutor.
1047 5664 1076 5708 ut
1093 5657 1138 5727 qai
1195 5662 1237 5728 qia
1254 5663 1377 5734 proprie,
1404 5681 1437 5716 sn
1455 5665 1568 5717 uetureli
1587 5665 1684 5718 rationi
1702 5666 1863 5722 coseeoiati
1879 5671 1925 5726 ubi
1943 5691 2008 5731 tace
