4444 6214
170 377 213 424 nr
227 385 248 421 ο
265 379 299 424 et.
317 387 343 424 rs.
361 387 388 426 n.
407 371 514 444 beced
531 379 655 432 nltimuin
674 378 706 433 sd
726 381 842 450 iudicem
861 383 988 438 ecclesie·
1039 386 1139 446 dicium
1158 385 1363 440 ecclesiasticum
1380 369 1519 447 deducte,
1540 372 1708 456 potissimum
1735 385 1863 443 extitisse

168 451 307 508 miconis
325 472 402 511 seusa
420 455 494 539 dotis
512 473 583 516 reete
599 464 726 534 sppliceri
740 468 918 537 potest,quie
932 473 988 537 ejus
1040 469 1242 524 fundamentum
1260 469 1860 535 control-ersieelreeredlterieernernaibeee
1929 490 1931 501 ⁴

171 535 270 589 intuitu
288 555 343 590 non
361 551 423 593 snut
444 541 596 614 incapaces,
617 546 663 600 sed
683 557 784 602 lentum
806 551 989 623 incompetcn·
1040 573 1073 608 es
1092 557 1153 610 eliis
1171 557 1256 608 censis
1276 553 1420 626 pleniorem
1440 555 1631 608 discussionem
1643 566 1788 621 mereatur,
1802 574 1859 612 ene·

177 627 225 673 tes.
245 618 359 674 eccur.
377 623 475 676 'l'ellee-
493 627 531 680 cd
546 627 573 681 ri.
590 647 613 682 c.
633 631 659 682 8·
678 647 708 684 rr.
725 635 751 686 ’1.
769 635 798 688 in
818 637 886 688 med.
905 636 990 705 snbji·
1041 639 1095 694 rito
1113 656 1192 708 snper
1210 637 1381 708 legitimitete
1401 647 1502 690 tentum
1523 640 1709 708 pronunciabit
1725 642 1806 708 judex
1818 658 1861 695 ec·

169 703 207 756 eit
223 703 389 773 quidem-ibi
411 705 548 765 Gonsclee
565 727 669 767 censam
688 715 760 770 dotis
784 718 836 772 boc
855 736 915 772 casu
934 735 988 773 oon
1040 721 1219 783 elesiestieos,
1231 731 1259 775 et
1276 739 1380 774 censam
1400 721 1571 774 haereditetis
1590 739 1635 774 sen
1654 723 1800 794 pleniore·
1813 711 1857 778 dl·

171 795 223 839 tenr
242 787 423 856 insidentem,
438 809 520 863 qoem
540 793 732 865 dependentem
753 817 812 854 esse
836 802 867 854 ad
886 819 989 856 censam
1041 806 1204 860 suessionem
1223 806 1360 860 remittere
1375 803 1510 856 tenebitur
1521 807 1553 856 ed
1566 805 1854 874 jndicem'srenleresn:

170 871 346 924 nummoli.
358 873 388 924 st
401 877 473 928 enim
487 881 686 933 matrimonium
707 885 806 936 nullum
828 885 990 954 declaretur,
1040 900 1066 943 el
1085 891 1136 943 leue
1154 887 1241 945 reiero
1260 898 1358 942 textum
1377 887 1405 940 in
1426 905 1450 940 c.
1463 905 1588 944 causam.
1600 891 1626 942 i.
1637 879 1783 962 mpos'fil.
1800 893 1859 947 sius

173 955 253 1008 tacite
272 957 337 1010 inde
354 959 507 1030 dependet,
527 981 591 1033 ergo
609 964 656 1018 des
674 977 714 1020 est
733 971 911 1036 restituendee
930 985 992 1027 atte-
1038 973 1151 1043 legitim.

172 1055 233 1092 seen
251 1055 312 1094 mm
329 1042 396 1096 alies
412 1047 579 1116 exceptiones
591 1048 678 1104 edisne
695 1067 851 1107 concurrere
870 1057 988 1125 possint,
1077 1053 1099 1128 ᾖ
1120 1057 1145 1112 n.
1164 1055 1282 1111 Ulterius
1299 1055 1352 1108 leno
1368 1054 1482 1126 pertinet
1500 1071 1590 1118 08⁰⁹·
1609 1055 1632 1110 Ἰ
1658 1054 1692 1108 ⁸¹0
1716 1057 1800 1111 '³¹⁰¹‘
1818 1061 1860 1128 jo·

171 1141 252 1195 quere
270 1124 319 1180 dos
337 1143 391 1179 non
411 1131 590 1198 restituentis,
609 1135 710 1188 etiami
729 1140 989 1212 uetrimoseiumpro
1040 1143 1151 1194 rerneon
1171 1157 1249 1211 super
1268 1150 1403 1193 contractu
1423 1141 1545 1209 praestiti
1570 1156 1644 1192 censs
1670 1141 1700 1190 ed
1727 1141 1858 1208 judicium

173 1209 248 1261 nollo
274 1210 434 1266 desleretnm
454 1217 507 1280 sit,
526 1217 603 1269 esiam
626 1236 705 1290 serpes
730 1221 773 1276 leis
791 1226 989 1292 exceptionibus
1039 1224 1243 1277 ecclesiasticum
1264 1224 1429 1287 devolvetur,
1448 1223 1492 1276 nbi
1511 1223 1661 1293 quaeritur:
1677 1241 1709 1275 en
1730 1225 1778 1278 boc
1796 1241 1859 1278 ceso

172 1291 332 1347 incidenter
356 1307 516 1364 eogesoseere
542 1319 618 1369 posse
640 1305 754 1370 jndicem
781 1310 988 1364 eceleeieetleum
1038 1309 1118 1360 etiem
1140 1306 1172 1361 rle
1191 1309 1251 1378 ipso
1263 1317 1398 1361 contrecto
1418 1307 1446 1359 in
1466 1307 1523 1359 iuro
1541 1305 1717 1358 ecclesiastico
1735 1307 1857 1376 cognosci

170 1375 310 1438 existimo,
328 1378 364 1430 ob
380 1383 574 1447 generelitetem
593 1384 620 1437 d.
639 1391 875 1452 commotiore.
894 1393 928 1446 de
940 1395 989 1447 dc·
1038 1391 1145 1459 possiti
1158 1393 1204 1446 obl
1223 1393 1293 1446 idem
1314 1390 1484 1462 repetendum
1505 1399 1583 1458 puto,
1596 1379 1665 1457 quod
1684 1388 1717 1440 de
1736 1388 1857 1443 boenerii·

436 275 485 330 DE
503 275 617 348 cluse
634 276 830 338 tlsctttnttt‘n
849 281 886 339 tlt
901 279 997 342 totto
1013 277 1287 345 mecummet
1305 283 1580 344 remesttsrtco

171 1470 228 1512 net.
247 1459 412 1515 interme
430 1485 456 1518 n.
475 1469 555 1522 modo
573 1486 626 1521 oon
646 1473 723 1540 plene
744 1473 849 1530 sitieris
867 1477 923 1530 sint
941 1477 987 1530 in·

170 1543 291 1614 riaginis,
310 1556 338 1598 et
355 1549 496 1618 prolixiori
516 1553 677 1608 discussione
693 1572 760 1626 opus
777 1557 897 1612 heleeeel.

211 1636 235 1692 §-
254 1629 280 1682 l.
299 1632 399 1684 Verum
419 1633 550 1690 bicellus
568 1653 595 1690 se
614 1639 686 1692 sistit
705 1650 803 1705 textos,
816 1644 862 1712 qni
880 1643 987 1698 dubiem

169 1713 258 1768 reddit
277 1715 393 1785 priorem
413 1721 571 1773 scatentium
591 1723 619 1775 in
639 1741 663 1774 c.
680 1734 765 1780 luem.
785 1726 811 1777 3.
828 1743 857 1779 re.
876 1716 910 1779 rie
927 1727 988 1780 ord.

172 1795 274 1866 regnis.
293 1799 339 1852 obi
357 1817 416 1853 cnm
435 1804 561 1856 neteliom
580 1806 699 1874 queestio
724 1807 756 1860 ed
776 1809 892 1876 judicem
910 1813 989 1863 eccle*

171 1881 309 1934 siastieum
327 1883 521 1949 devolveretur,
535 1895 562 1940 et
580 1889 658 1941 simul
673 1892 846 1944 successionis
863 1909 936 1944 oense
951 1893 989 1946 ibi

171 1975 344 2030 occurreret,
362 1967 483 2036 pontifex
504 1971 623 2036 censuit,
643 1973 697 2023 sibi
715 1984 868 2044 potestatem
886 1975 989 2030 debre-

170 2045 283 2100 reditete
301 2052 474 2118 cognoscendi
493 2069 546 2106 noo
566 2065 728 2124 competere,
746 2059 791 2110 sed
810 2057 881 2110 illem
899 2060 931 2111 ed
949 2059 989 2112 io·

171 2147 230 2182 reem
250 2131 351 2200 regium
372 2137 516 2204 pertinere.
535 2137 619 2207 Super
636 2157 688 2208 quo
716 2149 790 2194 textu
812 2151 990 2197 senescerent

167 2227 207 2264 cc.
225 2214 347 2283 plerique
366 2217 393 2267 in
413 2233 443 2269 eo
462 2219 591 2272 retioneee
618 2220 785 2277 dirersitetie
809 2226 975 2280 constituunt
981 2264 989 2290 ‚

168 2297 240 2368 qnod
259 2298 427 2353 matrimonii
452 2313 477 2354 et
496 2301 567 2355 dolie
586 2309 670 2372 mejor
693 2307 728 2360 sit
749 2310 879 2361 connexio
898 2319 924 2361 et
944 2311 988 2362 ‹le-

165 2381 326 2452 pendentie,
344 2379 422 2453 quam
443 2387 566 2440 netelium
586 2401 611 2443 et
629 2391 715 2460 ipsius
735 2390 921 2445 baereditatis:
934 2410 987 2445 non

167 2466 244 2519 enine
262 2466 397 2537 seqnitur:
417 2468 461 2520 bic
486 2470 615 2538 legitime
634 2485 709 2525 natus
728 2484 782 2533 est,
801 2491 864 2543 ergo
889 2483 916 2526 et
933 2474 988 2544 ipsi

171 2549 282 2606 debetur
301 2550 448 2607 haeredites
468 2555 533 2625 Aug.
552 2556 665 2611 Berbose
685 2569 718 2610 tr.
735 2559 769 2611 cle
784 2554 858 2629 ql'fic.
875 2559 987 2630 episcop.

165 2653 195 2705 ρ.
214 2638 241 2690 ³·
261 2637 341 2708 alleg·
358 2638 411 2692 et.
423 2657 451 2691 n.
480 2641 524 2693 30.
547 2647 647 2696 Verum
672 2643 797 2698 existimo
815 2646 864 2696 boe
880 2643 987 2715 capitol.

166 2721 274 2790 regulee
290 2730 396 2776 nestree
408 2722 526 2776 nundum
544 2726 655 2778 olestnre.
673 2725 755 2779 Ceuse
774 2729 845 2780 enim
867 2727 987 2780 haeredi·

165 2807 231 2857 lasis
251 2806 289 2858 ibi
310 2823 363 2860 eon
383 2807 515 2862 insidebet
528 2823 615 2860 eorem
633 2806 720 2876 judice
733 2810 926 2872 ecclesiastico,
940 2808 986 2862 sed

162 2889 253 2941 deleta
269 2892 324 2959 jem
340 2901 399 2946 eret
411 2892 443 2946 sd
459 2892 544 2946 lorum
565 2893 665 2963 regium
675 2914 682 2944 s
693 2911 754 2946 com
768 2911 831 2964 ergo
845 2909 891 2946 rex
903 2894 986 2946 Fron·

164 2974 239 3036 eiee,
258 2973 291 3025 ed
308 2993 386 3044 quern
407 2976 531 3030 rescribit
550 2975 588 3029 ibi
609 2977 746 3048 pontiiex,
761 2995 916 3048 cognoscere
936 2977 987 3030 rel·

166 3056 204 3108 let
223 3056 258 3110 de
275 3060 334 3128 jore
351 3061 538 3124 srrccessionis,
558 3072 694 3130 urrteqnem
713 3077 787 3114 censo
806 3062 932 3114 scutellum
945 3075 986 3112 oo·

164 3157 225 3192 rem
246 3143 335 3210 jndice
352 3143 526 3196 ecclesiastico
540 3143 655 3197 discusse
672 3155 760 3209 esset,
774 3145 910 3214 respondit
925 3163 986 3214 poe·

164 3225 417 3281 circumclusione
434 3226 543 3299 quedam
561 3228 655 3297 judicii
675 3229 795 3281 ordinem
816 3243 868 3279 non
880 3229 984 3297 pertur-

164 3309 283 3363 bandum
302 3327 375 3378 esse,
401 3323 428 3366 et
447 3313 512 3364 ltine
536 3321 676 3382 expectere
701 3311 798 3364 debere
818 3327 921 3378 regem,
941 3314 987 3364 do·

164 3412 218 3449 nee
237 3413 315 3452 cause
333 3397 512 3467 legitimorum
531 3397 657 3450 neteliom
672 3415 686 3448 e
704 3392 831 3465 pontifice
848 3394 947 3459 decime
961 3405 987 3448 et

165 3481 221 3536 troc
239 3481 358 3536 sollimet
377 3483 509 3535 sententie
530 3482 607 3536 Hier.
626 3481 659 3532 de
684 3479 815 3532 Ceereilos
840 3479 872 3532 de
888 3477 987 3550 rogoin

165 3583 221 3636 per
238 3567 317 3619 viem
335 3565 450 3620 orbicul·
468 3566 499 3618 ire
515 3581 589 3621 conr.
609 3565 698 3618 eccles.
714 3580 741 3631 p.
759 3563 784 3615 Ξ.
797 3582 824 3634 p.
836 3563 880 3616 dli.
900 3580 927 3614 n.
942 3561 985 3613 dli.

163 3645 272 3718 qundo
285 3648 370 3703 dicit:
382 3649 559 3719 quaestionem
574 3647 744 3718 temporalem
763 3649 793 3699 in
812 3647 901 3717 specie
913 3645 985 3700 illios

169 3741 261 3786 sextos
275 3739 325 3786 raon
347 3732 474 3788 incidisse
492 3735 522 3786 in
542 3733 707 3803 spiritualem
726 3731 911 3802 principaliter
930 3749 985 3785 neo·

169 3827 241 3883 ten,
254 3817 296 3871 nti
315 3815 445 3887 contingit
461 3820 492 3869 s'n
509 3818 536 3870 d.
555 3837 577 3872 c·
590 3815 624 3869 de
638 3817 782 3882 prudentio
801 3816 827 3867 fl·
840 3831 871 3867 ε.
888 3814 920 3866 de
937 3814 986 3867 do·

169 3911 231 3954 net.
251 3903 324 3954 s'nter
338 3917 369 3952 ο.
383 3910 408 3954 et
425 3921 452 3956 n.
472 3899 516 3953 sed
536 3901 623 3970 potius
642 3897 829 3968 principellter
846 3896 885 3950 ibi
897 3907 983 3950 ectum

168 3983 227 4037 duit
244 3984 279 4037 de
293 3986 446 4054 qnaesnone
461 3983 636 4038 buredltatis
662 3999 747 4038 coram
775 3980 856 4045 laico,
874 3991 901 4034 et
919 3981 986 4033 inei·

166 4065 265 4120 denter
290 4066 399 4122 deducte
417 4079 463 4121 est
487 4069 611 4138 exceptio
636 4068 798 4138 spiritualis,
823 4067 894 4136 justa
921 4067 984 4132 ille,

163 4167 238 4218 quse.
253 4159 341 4204 notate
359 4139 396 4205 ed
412 4151 437 4204 si.
458 4161 553 4204 tersum
572 4155 601 4204 in
617 4156 645 4207 d.
662 4169 683 4206 c.
701 4161 779 4206 lucre
808 4153 871 4205 inde
889 4151 986 4206 merito

163 4231 320 4285 remittitur
336 4231 370 4285 ed
381 4235 533 4287 „secularem
545 4273 547 4278 -
559 4235 678 4305 queestio
705 4235 877 4290 heeutlnns
895 4251 984 4288 eorem

159 4331 196 4367 eo
213 4325 313 4387 coepte.
331 4317 350 4368 t.
367 4316 417 4370 aedi
430 4327 583 4388 ¹occeptum.
604 4315 700 4386 ³⁰··ff·
724 4316 759 4371 eie
769 4319 858 4391 juds'c·
878 4316 983 4388 Quodsi

163 4404 257 4474 iteqne
272 4419 347 4456 cause
365 4402 524 4474 principalis
536 4403 572 4457 sit
585 4405 775 4468 ecclesiestice,
789 4413 817 4456 et
833 4403 986 4459 incidenter

165 4485 344 4540 hereditarie
361 4489 479 4557 qneeetie
496 4499 653 4554 wocurrel,
665 4505 718 4540 non
737 4487 903 4552 dubitarem,
917 4489 983 4540 inci·

164 4569 261 4622 denter
279 4571 359 4624 etiem
385 4572 429 4625 lein
451 4571 566 4642 judicem
592 4573 807 4626 ecclesisstlcnne
830 4589 986 4642 cognoscere

167 4669 257 4723 posse.
284 4655 544 4710 stereometriam.
566 4655 619 4728 ior.
635 4657 734 4728 pontifi
754 4659 791 4710 od
808 4673 831 4710 e.
857 4657 941 4710 ictor.
960 4657 985 4709 ll.

165 4755 195 4789 er·
216 4736 337 4808 pne'fils'e'
351 4751 415 4792 seret
433 4741 505 4809 legit.
518 4742 578 4794 flere
597 4744 713 4810 pertinet
731 4750 819 4793 textus
837 4739 866 4792 in
884 4755 908 4792 e.
921 4731 986 4794 cose·

165 4831 278 4888 praestus
291 4821 314 4874 c·-
339 4839 369 4875 τε.
386 4822 491 4896 prifli.
518 4827 574 4878 seut
595 4825 705 4895 legitim.
730 4825 773 4876 n'bi
802 4824 989 4894 principeliler

163 4907 274 4974 querele
291 4906 459 4975 legitimnum
472 4924 515 4961 ·en
541 4925 576 4962 sc.
597 4909 693 4962 mulier
725 4917 785 4962 sete
801 4908 986 4978 desponsatio·

168 5007 235 5044 ueee
255 5002 329 5054 nete,
342 5007 390 5062 per
407 4992 567 5057 subserpens
585 4993 785 5047 mesrireenium
805 4993 838 5046 sit
857 4992 989 5060 legitiraes

166 5069 216 5126 te?
234 5072 267 5127 ed
286 5074 400 5142 indicere
420 5077 628 5132 eeclesiesticeee
647 5077 775 5150 deducte,
794 5086 821 5130 et
839 5093 899 5130 eum
919 5075 991 5129 inci-

1039 1486 1092 1529 tete
1110 1481 1164 1546 jam
1183 1487 1258 1530 entee
1276 1477 1387 1528 dictum.
1403 1473 1444 1525 An
1456 1473 1513 1524 eeil.
1526 1472 1558 1524 de
1570 1481 1704 1524 contrecto
1720 1473 1771 1537 iem
1783 1473 1855 1526 ectio

1038 1573 1107 1613 mote
1126 1579 1214 1615 norem
1231 1559 1320 1628 judice
1338 1559 1419 1621 irino,
1438 1567 1464 1610 et
1477 1558 1597 1626 queeetio
1615 1557 1648 1608 de
1664 1555 1770 1608 einrnlo
1787 1557 1857 1624 jura·

1037 1641 1119 1696 menti
1140 1653 1242 1696 tentum
1261 1642 1294 1696 ed
1312 1641 1426 1710 judicem
1446 1639 1555 1691 delete?
1571 1637 1624 1691 llic
1650 1637 1682 1692 ed
1709 1637 1813 1692 ductum
1832 1655 1854 1690 c.

1043 1727 1067 1777 3.
1086 1742 1116 1778 sc.
1129 1727 1161 1780 de
1178 1725 1238 1780 orsi.
1256 1743 1316 1794 cog.
1332 1741 1414 1794 super
1431 1723 1486 1775 solo
1503 1725 1652 1790 jeremento
1670 1721 1803 1790 cognoscit
1816 1723 1857 1786 iu·

1038 1807 1089 1862 dex
1106 1809 1312 1871 ecclesiasticus,
1334 1817 1360 1859 et
1378 1807 1554 1875 cognitionem
1574 1806 1607 1857 de
1632 1807 1692 1874 ipso
1716 1818 1852 1860 contractu

1038 1891 1096 1945 soro
1115 1891 1224 1946 seculari
1245 1893 1389 1961 relinquit;
1409 1890 1430 1940 si
1452 1907 1512 1941 rero
1538 1899 1643 1957 perles,
1659 1899 1794 1958 autequam
1817 1894 1856 1959 jn·-

1039 1973 1123 2026 dieem
1143 1977 1238 2028 laicum
1257 1975 1375 2038 edis-ent,
1394 1989 1495 2026 oensem
1516 1975 1654 2039 jurementi
1678 1972 1709 2022 ed
1730 1973 1849 2038 jndicem

1038 2059 1244 2112 ecclesiesticnrn
1262 2057 1409 2123 deicerent,
1428 2066 1454 2110 et
1472 2056 1510 2108 ibi
1529 2073 1631 2124 quoqne
1649 2057 1798 2108 incidenter
1816 2057 1849 2111 de

1039 2145 1100 2213 ipso
1118 2152 1252 2196 contrecto
1277 2150 1516 2204 controverterent,
1536 2157 1589 2191 non
1611 2139 1716 2204 dubito,
1736 2141 1850 2207 iudicem

1037 2227 1244 2280 ecclesiasticum
1264 2227 1297 2278 de
1314 2229 1463 2294 juremento
1481 2226 1675 2297 principaliter,
1689 2237 1715 2278 et
1728 2241 1776 2295 per
1793 2243 1855 2278 con·

1040 2310 1204 2378 sequentium
1223 2309 1367 2378 quoquede
1385 2320 1534 2362 contractos
1553 2310 1689 2364 soliditate
1707 2308 1855 2362 incidenter

1038 2397 1208 2458 cognoscere,
1226 2404 1354 2462 quetenns
1373 2393 1429 2445 soil.
1447 2409 1480 2444 ex
1500 2393 1638 2460 juramenti
1658 2389 1774 2446 eilirecie
1793 2409 1854 2446 oon·

1039 2485 1132 2531 tractus
1150 2475 1282 2546 dependet
1307 2481 1347 2532 eei
1368 2495 1436 2540 non;
1464 2476 1488 2529 si
1506 2477 1577 2528 eninr
1596 2479 1769 2544 juramentum
1790 2477 1855 2530 reli«

1037 2557 1119 2622 dnm,
1139 2567 1290 2614 contractos
1310 2577 1361 2613 non
1382 2559 1476 2632 poteiit
1495 2577 1553 2612 esse
1577 2561 1722 2626 insolidum
1742 2563 1795 2616 nisi
1814 2575 1852 2618 ta·

1037 2660 1097 2696 men
1116 2643 1184 2696 eliee
1202 2645 1370 2715 exceptiones
1393 2645 1498 2698 altioris
1521 2644 1656 2713 indaginis
1680 2657 1852 2712 concelerant,

1036 2739 1102 2792 quae
1119 2728 1190 2778 selro
1208 2729 1354 2793 juramento
1372 2746 1404 2781 ex
1423 2731 1484 2782 eliis
1503 2730 1587 2782 causis
1606 2740 1767 2782 contrectent
1788 2733 1852 2784 irri-

1038 2816 1092 2860 ium
1112 2808 1222 2861 reddere
1240 2815 1348 2880 possint.
1363 2813 1489 2882 Quemvis
1508 2823 1534 2865 el
1553 2814 1645 2865 lterum
1664 2816 1857 2883 exceptionum

1037 2893 1156 2960 cognitio
1175 2882 1253 2945 rixa
1272 2896 1360 2960 judice
1380 2897 1556 2949 ecclesiastico
1574 2901 1674 2951 aroceri
1694 2901 1783 2969 possit.
1802 2901 1852 2955 Ne·

1036 2992 1080 3027 mo
1098 2976 1170 3028 enim
1191 2975 1302 3042 melius,
1315 2995 1391 3047 quern
1410 2983 1518 3034 ecclesie
1538 2982 1570 3036 de
1589 2982 1638 3037 hoc
1656 2987 1805 3053 cognoscit,
1819 3007 1853 3044 en

1036 3062 1124 3126 dolus,
1142 3079 1175 3114 sn
1196 3072 1298 3126 metus,
1310 3081 1344 3115 en
1364 3065 1479 3118 enormis
1497 3069 1577 3122 tersio
1599 3071 1625 3122 in
1644 3082 1778 3124 contrecto
1790 3091 1854 3128 con·

1036 3163 1161 3214 currens,
1179 3142 1272 3208 illum,
1288 3145 1310 3198 sl
1329 3147 1439 3200 solemni
1452 3150 1599 3216 jurensento
1610 3151 1782 3211 condemnes
1802 3161 1852 3224 cir,

1036 3233 1131 3285 sitiere
1149 3229 1256 3302 possit?
1271 3231 1346 3304 ¹Qnee
1364 3247 1424 3285 ouen
1445 3233 1481 3285 ite
1510 3233 1581 3301 sint,
1601 3253 1653 3288 non
1672 3243 1788 3306 precelse
1808 3262 1853 3296 ῃ..

1035 3315 1178 3368 cessarium
1198 3323 1254 3382 est,
1273 3326 1300 3368 nt
1318 3333 1375 3368 cum
1393 3315 1581 3396 lliullodrig.
1599 3319 1753 3378 Fersoosloo
1770 3327 1810 3380 od
1827 3345 1851 3380 c.

1036 3399 1125 3452 novit.
1146 3401 1189 3452 ld.
1208 3417 1236 3454 ε.
1255 3401 1288 3456 de
1301 3400 1385 3471 indic.
1404 3421 1430 3472 q.
1450 3403 1495 3454 1³.
1514 3420 1542 3453 ra.
1561 3404 1588 3455 8.
1606 3410 1764 3469 stetuemus,
1785 3419 1849 3464 tunc

1034 3483 1140 3537 demone
1160 3501 1239 3556 super
1257 3496 1387 3540 contrecto
1407 3487 1491 3554 joreto
1509 3487 1538 3538 in
1553 3489 1712 3563 consistorio
1732 3495 1854 3560 cognosci

1035 3585 1128 3637 posse,
1149 3571 1170 3622 ei
1189 3585 1263 3622 censa
1279 3580 1305 3622 ct
1324 3581 1490 3636 contrectes,
1508 3588 1585 3642 snper
1603 3591 1653 3642 qno
1671 3575 1852 3641 jurementnm

1033 3654 1180 3722 appositum
1199 3643 1253 3720 est,
1273 3653 1314 3706 sui
1342 3665 1435 3708 nature
1459 3665 1559 3726 spectet
1578 3658 1609 3707 ed
1628 3657 1743 3725 judicem
1758 3657 1853 3714 eccle·

1035 3737 1185 3800 siesticnm,
1206 3750 1233 3792 ut
1250 3737 1278 3789 in
1298 3747 1431 3791 contrecto
1450 3739 1570 3792 osorerio
1589 3742 1690 3806 jurato:
1711 3761 1772 3796 nem
1792 3763 1854 3801 cnm

1034 3831 1153 3883 constet,
1166 3823 1281 3889 judicem
1300 3823 1506 3876 ecclesiasticum
1526 3840 1601 3892 posse
1619 3841 1776 3892 cognoscere
1794 3847 1856 3884 con·

1036 3909 1074 3956 tre
1095 3905 1245 3970 usurarios,
1258 3918 1282 3958 et
1301 3923 1436 3958 nsurerom
1455 3907 1655 3960 restitutionem
1677 3925 1735 3960 cunr
1756 3911 1790 3962 sit
1802 3911 1855 3965 cri·

1035 4003 1095 4039 rnen
1114 3989 1192 4041 mixti
1214 3987 1282 4054 ioci,
1296 3988 1355 4041 ideo
1372 3988 1513 4041 dicendum
1528 4001 1583 4054 est,
1597 3991 1774 4058 cognitionem
1788 4013 1853 4048 con·

1036 4081 1134 4125 trectus
1152 4091 1288 4128 nsurernrn
1308 4073 1341 4126 ed
1362 4075 1436 4127 illum
1451 4074 1601 4142 pertinere,
1615 4075 1636 4126 si
1657 4077 1708 4144 jem
1728 4081 1857 4146 coepisset

1034 4171 1190 4223 cognoscere
1203 4154 1236 4208 de
1246 4158 1395 4224 juramento
1413 4157 1558 4210 contrectni
1577 4156 1687 4226 edjecto.
1702 4159 1750 4212 Sin
1770 4173 1853 4215 sutem

1034 4259 1108 4293 cause
1135 4252 1285 4297 contrectes
1311 4241 1345 4295 sit
1371 4258 1450 4310 super
1471 4259 1499 4295 re
1525 4241 1634 4312 proiene
1654 4255 1678 4297 et
1696 4249 1853 4315 temporali,

1035 4332 1096 4377 tunc
1113 4325 1226 4394 judicem
1245 4325 1449 4378 ecclesiasticum
1471 4335 1570 4376 tentorn
1591 4343 1669 4394 snper
1686 4327 1855 4396 juramento,

1034 4429 1086 4464 non
1105 4421 1191 4462 eutem
1210 4423 1289 4480 super
1308 4411 1367 4478 ipso
1386 4419 1524 4463 contrecto
1551 4417 1596 4460 ent
1614 4411 1669 4474 ejus
1696 4412 1855 4467 rescissione

1035 4509 1192 4560 dignoscere
1211 4509 1295 4563 posse.
1311 4491 1379 4544 Nero
1398 4501 1425 4544 et
1445 4491 1585 4561 posteriori
1606 4509 1665 4544 ceso
1684 4493 1795 4556 indicem
1815 4513 1855 4548 ec·

1036 4579 1215 4632 clesiestiuum
1237 4595 1393 4647 cognoscere
1411 4594 1505 4648 posse,
1524 4593 1556 4630 ex
1574 4591 1648 4632 entee
1667 4577 1747 4631 dictis
1761 4580 1855 4634 olreeu·

1036 4679 1094 4716 rum
1114 4679 1166 4714 non
1186 4671 1236 4713 est.
1507 4655 1509 4662 ⁴

1071 4747 1094 4812 §.
1113 4745 1140 4797 d.
1160 4743 1190 4798 Si
1209 4743 1290 4796 leicns
1310 4758 1396 4796 eorem
1418 4742 1506 4810 indice
1523 4745 1696 4801 ecclesiastico
1714 4745 1743 4799 in
1761 4755 1854 4800 testem

1038 4836 1208 4897 provocetur,
1224 4827 1269 4879 sed
1288 4839 1375 4896 spreto
1394 4829 1542 4892 juremento
1560 4826 1654 4880 ielenrn
1675 4829 1855 4882 testimonium

1039 4911 1136 4974 iceret,
1162 4909 1245 4981 judex
1270 4911 1462 4962 ecclesiasticus
1487 4927 1539 4962 non
1568 4920 1666 4965 tanlnra
1687 4927 1764 4981 super
1782 4911 1854 4966 testi·

1040 4997 1124 5049 monii
1143 4996 1264 5049 nullitate
1281 4993 1482 5066 pronuncieret,
1497 4995 1544 5046 sed
1558 4993 1637 5047 etiem
1653 5003 1742 5046 testem
1755 4993 1851 5047 leicene

1038 5080 1074 5134 ob
1098 5079 1268 5132 commissum
1295 5077 1440 5147 periurium
1466 5077 1563 5145 punire
1589 5073 1802 5145 posset.·l.udor.
1821 5075 1855 5128 de

164 5157 263 5211 denter
282 5157 363 5210 simol
375 5159 403 5212 lo
420 5159 522 5227 judicio
537 5161 785 5234 oenmmretequod
804 5159 991 5216 exhaeredetio
1041 5166 1164 5234 Prgnere.
1182 5163 1258 5217 decis.
1272 5161 1347 5216 civil.
1359 5161 1402 5212 79.
1413 5159 1445 5212 1ο
1463 5159 1623 5210 contrarium
1637 5157 1744 5226 quidem
1759 5173 1855 5226 urgere

163 5240 222 5310 ipsi
240 5252 380 5314 eapropter
394 5241 545 5309 imminent,
560 5247 691 5300 menteris
710 5245 831 5317 pontiiee
850 5245 933 5315 judici
946 5263 990 5300 ee·
1040 5249 1139 5312 solent,
1156 5247 1227 5317 qtrod
1246 5245 1326 5315 judex
1343 5245 1429 5297 cicilie
1448 5252 1542 5296 testem
1561 5243 1709 5305 cleriorum,
1728 5258 1813 5294 cerem
1826 5257 1855 5294 se

161 5326 320 5380 elesiestloe
337 5343 390 5381 non
410 5338 526 5395 tentem,
544 5339 573 5384 ut
592 5332 664 5384 illem
684 5331 821 5385 mulierem
839 5331 987 5400 legitimare
1038 5334 1071 5386 ele
1089 5318 1216 5385 consenso
1233 5330 1351 5400 episcopi
1369 5328 1565 5391 exeminetom,
1579 5343 1658 5395 super
1677 5325 1742 5378 lelso
1761 5323 1856 5395 puniri

161 5413 313 5480 inliceret,
332 5412 377 5466 red
397 5413 476 5467 erisne
496 5412 645 5481 inhiberet,
659 5431 692 5469 oe
708 5416 796 5470 dietee
814 5415 920 5468 mulieri
938 5415 988 5471 leae
1039 5426 1160 5488 nequeat.
1175 5415 1336 5470 Gottierrea.
1354 5415 1373 5466 l·
1392 5417 1419 5466 1.
1435 5430 1477 5480 pr.
1487 5429 1514 5479 p.
1531 5430 1554 5465 c.
1574 5410 1617 5462 ll.
1631 5409 1752 5461 Ferirsec.
1772 5407 1854 5462 dete·

165 5497 311 5551 ocresione
328 5512 409 5568 snper
425 5495 707 5570 beereditetepsteroe
726 5495 988 5552 molestielnleretoe
1038 5502 1097 5557 etii.
1116 5513 1141 5571 p.
1159 5502 1202 5554 et.
1222 5519 1251 5552 u.
1268 5500 1315 5553 83.
1332 5498 1411 5553 Unde
1436 5497 1584 5564 colligunt,
1603 5511 1651 5548 nec
1677 5493 1793 5562 jotlcen
1811 5509 1855 5546 ec·

160 5584 203 5636 rel
221 5596 374 5651 gresemen.
392 5581 601 5652 supponendum
619 5593 704 5637 temen
724 5581 767 5634 lein
793 5581 861 5644 erit,
878 5596 984 5634 oensem
1037 5585 1210 5639 clesieeticum
1230 5599 1305 5654 posse
1331 5583 1428 5654 prsuite
1452 5591 1544 5635 testem
1573 5579 1678 5632 isicem.
1698 5581 1795 5630 remu
1817 5579 1852 5631 ed

153 5667 238 5724 illem
259 5663 439 5722 legitimorum
457 5665 581 5718 nstalinnr
595 5721 598 5729 ,
610 5683 676 5738 quee
696 5663 881 5738 prinsipeliter
898 5663 927 5718 in
946 5667 986 5734 ju·
1036 5671 1085 5723 ecc
1103 5679 1173 5722 recte
1192 5665 1333 5740 respondet
1353 5666 1426 5720 llice.
1447 5663 1480 5717 de
1498 5663 1632 5718 Ceerellos
1650 5673 1684 5716 tr.
1702 5658 1737 5715 de
1753 5662 1854 5730 regnier

253 5750 360 5808 Sentit
380 5751 440 5804 Vel.
466 5751 529 5806 Vll.
1458 5751 1491 5800 li
