4462 6202
203 359 320 407 mntem,
337 337 444 404 taicum,
461 336 604 404 doctorem
622 337 806 408 professorem,
825 333 1019 404 prieitegiatum

145 423 147 430 ’
205 445 251 482 seu
269 435 420 496 exemptum
438 421 473 476 ab
489 423 614 476 oneribus
628 421 750 490 publicis,
762 413 878 472 artifieio
892 419 1019 487 singulari

205 512 375 576 instructum,
383 507 699 568 literatum-studiosum,
712 515 763 557 etc.
774 515 801 556 et
812 513 934 572 respectu
943 500 1022 570 brejas

205 591 421 666 qualitatisque
440 589 572 654 obtinuit,
592 607 644 655 quo
667 607 728 643 casn
752 587 844 658 utique
868 586 1018 657 subreptio·

206 694 268 732 nem
286 677 421 731 committi
439 677 467 728 in
485 675 576 754 aprico
593 685 651 738 est,
668 674 713 727 sed
732 674 792 742 quie
816 673 855 725 itu
877 673 962 740 justae
978 671 1019 724 di·

207 758 367 832 sputationis
384 758 483 812 limites
500 758 714 826 transgrederer,
729 754 848 810 sufficiet
871 755 936 809 haec
962 767 1024 822 tan·¹

209 851 266 898 tum
281 859 328 914 per
340 843 456 896 indicem
468 840 543 912 qnasi
554 842 680 912 attegaste
691 851 719 896 et
730 859 762 896 eo
774 840 833 913 ipsu
844 837 913 895 riam
934 839 967 894 ed
986 840 1023 892 ui

208 927 308 982 teriora
321 927 459 996 paravisse.

155 1005 191 1060 33
243 1010 293 1082 (ΙΙ)
311 1009 495 1063 committitur
508 1007 643 1080 schreptio
652 1006 756 1077 quoties
767 1004 880 1075 precista
891 1003 1023 1073 ejusmodi

210 1093 425 1148 circumstantias
442 1094 563 1164 negotio,
581 1091 650 1164 quod
670 1107 761 1162 preces
778 1087 1021 1162 respiciunt,sffin·

209 1176 265 1248 git,
283 1193 350 1248 qnae
367 1179 390 1231 ti
409 1193 461 1230 acu
482 1175 594 1230 inissent
610 1185 747 1229 enarratae
764 1189 816 1245 per
841 1175 1022 1241 tuendacium,

212 1276 261 1316 nec
277 1261 358 1316 etism
370 1260 527 1332 rescriptum
540 1258 605 1313 iliud
620 1259 797 1328 impetrasset.
808 1259 878 1312 coni.
890 1257 1023 1314 crescent.

157 1342 193 1398 tt
211 1345 292 1400 amis.
307 1355 360 1398 rot.
376 1360 447 1398 rom.
464 1343 545 1399 decis.
562 1343 603 1396 13.
624 1362 653 1397 ιι.
671 1343 697 1396 8.
719 1343 793 1396 Facit
811 1342 863 1396 ituc
880 1344 1023 1413 inprimis,

211 1427 315 1500 quando
331 1429 391 1498 quis
403 1426 596 1494 indulgentiam
610 1427 650 1480 rut
663 1426 859 1479 restitutionem
871 1429 939 1497 petit
953 1444 1026 1497 prae·

212 1521 286 1570 texta
303 1511 371 1564 bene
396 1512 551 1566 meritorum
576 1509 646 1580 quod
671 1510 820 1580 exemptum
847 1511 1027 1582 anteapttoats

210 1613 273 1650 eum
291 1595 327 1652 eit
343 1593 587 1666 frequentissimum
600 1610 631 1648 eo
644 1594 727 1662 magis
737 1593 820 1647 notari
834 1603 957 1648 meretur.
969 1594 1029 1650 t’tu·

212 1683 280 1734 rime
300 1681 371 1732 enim
389 1679 522 1748 rescripta,
540 1695 606 1747 quae
623 1689 744 1732 emanant
761 1677 793 1729 ad
806 1693 896 1748 preces
908 1678 1027 1746 alicuine,

213 1781 242 1818 te
259 1761 378 1818 reiernnt
395 1763 426 1816 ad
445 1763 503 1828 eius
522 1763 636 1826 merita,
658 1777 726 1833 qaas
749 1762 788 1816 ret
808 1759 873 1814 iaiso
892 1761 920 1816 in
939 1763 1026 1816 titeris

214 1861 274 1904 ttrnt
294 1847 424 1918 exposita,
445 1847 492 1911 rei,
510 1847 580 1916 quoti
599 1842 763 1916 frequentius
782 1840 842 1898 fieri
862 1845 962 1905 suerit,
978 1862 1028 1918 pet'

214 1934 325 1992 aliorum
345 1933 484 1985 relationes
501 1929 669 2001 subreptitiae
683 1927 799 1998 principi
812 1939 939 1998 suggesta.
952 1931 1026 1985 idesu

213 2017 308 2070 citium
327 2014 501 2076 contrahitur,
517 2015 621 2082 quoties
638 2012 710 2065 tertii
730 2007 838 2077 merita,
857 2030 922 2081 quae
942 2023 1028 2068 taraco

214 2116 272 2152 sera
291 2108 370 2162 suut,
390 2096 429 2149 rei
448 2107 634 2158 extenuantur,
652 2096 690 2150 cet
711 2096 787 2165 piene
806 2096 833 2148 in
858 2096 950 2148 odium
970 2097 1036 2162 eius·

214 2200 262 2254 per
281 2181 449 2234 mendacium
467 2179 531 2234 adeo
548 2180 739 2250 detorquentur,
758 2188 786 2232 ut
806 2179 872 2232 iram
899 2181 1029 2251 principit

215 2283 245 2319 eo
263 2266 321 2336 ipso
337 2267 466 2329 incurrat,
484 2265 552 2336 qumi
571 2263 660 2317 dicere
680 2262 764 2316 soient
781 2265 868 2318 Erite
879 2263 929 2332 hep
941 2261 1029 2332 Hoffe

204 2348 303 2421 [ιιιιΙι
323 2349 483 2420 angegeien.
504 2348 637 2420 Quidnam
657 2346 820 2418 frequentior
839 2349 867 2398 in
885 2348 954 2401 entis
981 2347 1029 2402 ttoc

214 2431 292 2490 sitio?
305 2445 432 2505 quotnaeu
450 2433 571 2503 exempta
589 2431 635 2485 hic
653 2443 759 2502 possem
783 2432 892 2500 adduci,
919 2432 946 2484 eei
971 2447 1030 2498 res,

216 2535 264 2590 per
282 2537 309 2571 ee
325 2518 428 2582 odiosa,
445 2518 528 2586 magis
546 2515 734 2588 supprimenda
751 2533 829 2588 quam
850 2517 1032 2587 exprimenda.

162 2595 198 2648 53
216 2603 395 2658 committitur
410 2621 513 2674 quoque
538 2603 586 2656 huc
606 2600 700 2654 titiam
720 2602 748 2652 in
766 2617 797 2652 eo
823 2613 903 2664 meu,
927 2599 1031 2670 quoties

215 2700 306 2758 preces
323 2686 356 2738 sd
375 2684 523 2756 principem
543 2684 704 2752 diriguntur,
723 2681 833 2734 nomine
850 2681 947 2748 eticuin
979 2681 1030 2735 aot·

214 2773 288 2842 legii,
306 2772 381 2841 qnasi
401 2770 440 2824 rei
459 2791 474 2824 a
495 2780 547 2824 toto
564 2770 683 2838 collegia,
702 2769 741 2822 ret
759 2769 849 2822 saitem
864 2768 956 2838 mojori
975 2771 1030 2837 ejus

212 2863 292 2926 parte
311 2853 382 2906 idem
401 2861 514 2924 petetur,
533 2862 559 2905 et
578 2862 665 2904 umen
682 2861 780 2904 constet
794 2853 917 2918 majorem
933 2865 1029 2920 partem

213 2937 318 3008 collegii
334 2936 474 2991 literarum
493 2936 598 2988 iliarum
619 2950 672 2988 uon
691 2931 773 2986 fuisse
790 2934 922 2986 consciam
936 2951 959 2986 a.
972 2942 1030 2988 tane

160 3017 196 3071 iiii
212 3023 298 3078 iitere't
314 3025 413 3078 uestris
432 3023 477 3076 33.
493 3040 524 3076 ec·
541 3022 576 3076 eie
593 3019 711 3074 testibus.
732 3019 818 3072 Potest
842 3035 944 3090 qnoque
969 3021 1030 3090 quis

215 3111 373 3182 subreptitie
398 3109 450 3164 etti
477 3108 582 3176 nuptiis
598 3107 740 3160 conciliare
758 3123 793 3160 ex
810 3107 938 3178 rescripto
957 3109 1030 3178 prin·

219 3195 290 3264 cipis
307 3191 478 3264 confingens,
497 3208 526 3246 ss
545 3191 641 3245 habere
659 3207 817 3244 consensum
836 3192 877 3246 rei
898 3193 1032 3262 patrissui

216 3277 321 3348 paellae
336 3278 356 3330 1.
376 3275 401 3328 1.
420 3293 444 3330 o.
461 3276 487 3330 si
504 3285 580 3340 nupt.
597 3291 634 3328 eae
652 3273 772 3340 rescript.
788 3284 844 3340 pet.
855 3277 927 3345 qtaod
941 3274 1031 3329 subre-

151 3373 156 3382 '
215 3361 318 3432 ptionis
335 3377 417 3430 genus
433 3358 603 3427 singulariter
621 3357 654 3411 ab
672 3357 874 3430 imperatoribus
888 3361 937 3412 suit
950 3377 1032 3430 paens

162 3453 199 3507 57
216 3445 287 3516 greci
304 3446 335 3499 in
352 3461 376 3499 c.
392 3443 411 3496 4.
430 3451 550 3497 contente
569 3441 732 3513 prohibetur.
750 3443 782 3496 iu
800 3445 859 3512 jure
875 3457 969 3496 canon.
988 3441 1032 3495 be·

217 3525 342 3582 aeficium
360 3526 482 3583 redditur
499 3527 684 3597 subreptitium
697 3527 802 3596 quoties
819 3526 882 3597 quis
895 3524 963 3579 ieiso
977 3541 1033 3596 pro·

218 3614 296 3686 ponit
314 3629 341 3666 se
359 3607 517 3666 beneficium
535 3611 653 3666 nondum
672 3623 819 3666 assecutum
830 3646 838 3675 ,
849 3621 877 3666 et
889 3613 928 3665 sie
941 3611 1034 3664 rescri-

216 3713 288 3770 ptum
307 3715 387 3770 super
404 3697 557 3769 provisione
576 3696 700 3767 impetret
719 3713 742 3748 c.
759 3695 786 3749 si
799 3707 972 3767 proponente
992 3693 1036 3746 tt.

162 3791 199 3844 58
215 3801 245 3836 ι.
264 3783 297 3838 de
315 3783 434 3852 rescript.
453 3781 535 3846 Sanc,
554 3783 619 3850 quio
638 3791 663 3836 et
680 3779 817 3850 rescriptis
835 3777 1036 3850 justitiseidem

570 239 620 296 tte
636 241 751 296 310918
771 235 1025 294 ΟΟΜΜῙΤΓΕΝΒΙ
1043 227 1268 284 tetstrtuttte
1286 225 1323 282 tit
1342 225 1526 284 rnssctttus.

1072 324 1163 380 eitium
1182 321 1340 393 seepissiuee
1358 321 1438 388 insit,
1457 319 1621 394 experientia
1639 321 1796 394 quotidiana
1811 327 1840 380 in
1853 328 1891 394 ju·

1071 407 1151 462 dieiie
1168 408 1201 462 sd
1219 408 1307 461 aoniae
1326 407 1503 462 demonstret·
1519 405 1679 477 Exemplum
1698 417 1771 476 etto,
1789 409 1813 464 ei
1831 411 1893 482 quit

1071 491 1148 554 dieat,
1166 503 1268 564 partem
1289 510 1341 545 nan
1359 491 1520 562 sequtetitse
1538 491 1683 548 tententiae
1701 503 1728 546 et
1747 503 1834 548 umen
1859 495 1894 548 de

1073 579 1206 631 contrario
1223 586 1325 632 constet
1343 578 1413 632 card.
1431 577 1529 630 Tuscis.
1553 577 1592 631 tte.
1618 595 1641 632 r·
1666 579 1753 633 conci.
1777 580 1841 633 317.
1865 599 1892 634 n.

1074 661 1118 714 34.
1135 660 1227 714 eodem
1257 660 1335 715 modo
1359 661 1493 731 subreptio
1519 660 1624 727 subeat,
1642 663 1665 716 si
1690 661 1750 734 quit
1768 677 1801 715 ex
1827 659 1892 716 totu

1073 763 1148 800 causa
1166 747 1323 800 ditationem
1343 746 1505 817 impetravit,
1525 746 1636 817 perinde
1653 764 1716 819 ergo
1742 760 1791 816 est,
1817 766 1846 802 ac
1865 750 1891 803 si

1074 847 1128 882 aon
1147 830 1317 898 impetrasset
1336 829 1403 881 hanc
1422 827 1578 882 dilutionem
1598 831 1666 884 Mer·
1683 841 1759 900 part.
1774 831 1800 884 9.
1812 829 1891 884 decis.

1074 913 1257 968 titudinem
1274 929 1331 967 esse
1347 923 1516 983 corruptum,
1535 923 1704 983 suspectum,
1735 913 1787 968 eibi
1814 916 1894 970 dene·

1074 997 1130 1068 gari
1147 999 1294 1066 justitiam,
1311 1012 1368 1051 eam
1387 997 1525 1067 protrahi,
1551 1007 1607 1051 acta
1634 1014 1691 1052 esee
1714 1000 1846 1064 mutilata,
1871 1011 1898 1055 et

1074 1099 1139 1154 qnae
1157 1093 1220 1136 tunt
1237 1081 1315 1150 hujus
1332 1081 1438 1150 generis
1457 1081 1569 1134 similia.
1593 1079 1690 1135 lterins
1707 1083 1778 1136 enim
1807 1099 1896 1154 preces

1077 1173 1113 1221 ita
1132 1185 1212 1238 purae
1229 1179 1303 1233 sont,
1323 1178 1352 1219 ut
1372 1184 1426 1220 non
1444 1167 1560 1238 aliquid,
1584 1167 1624 1220 eei
1642 1167 1741 1232 iudici,
1759 1168 1799 1222 rei
1825 1169 1896 1238 parti

1075 1253 1206 1316 adrersae,
1223 1250 1283 1304 iulsi
1297 1247 1435 1320 affingant.
1452 1252 1575 1320 nitergo
1588 1252 1675 1304 modis
1696 1251 1894 1323 principaliori·

1077 1337 1126 1389 bus
1138 1334 1231 1388 iaitntn
1245 1337 1273 1388 in
1287 1335 1409 1406 precibus
1420 1335 1606 1389 committitur.
1619 1335 1746 1391 Proxime
1759 1337 1801 1389 his
1819 1355 1891 1393 eccs·
1912 1337 1947 1390 39

1078 1421 1142 1477 dunt
1153 1437 1252 1490 preces,
1264 1420 1360 1491 quibu:
1374 1419 1472 1488 injusta
1491 1431 1642 1488 presentare
1668 1422 1718 1476 hae
1735 1441 1894 1495 quemqnam

1076 1505 1221 1560 formaliter
1238 1503 1335 1557 feteam
1360 1521 1412 1557 non
1437 1504 1609 1570 contineant,
1635 1521 1837 1575 praesumuntur
1858 1520 1896 1564 ta·

1078 1607 1139 1644 men
1152 1605 1185 1641 ex
1198 1587 1265 1642 isiae
1278 1588 1441 1658 suggestione
1454 1589 1582 1659 rescripta
1598 1591 1758 1655 extorsisse,
1770 1592 1840 1645 unde
1860 1592 1913 1654 eei¹

1079 1671 1157 1727 serbo
1175 1674 1268 1726 saitem
1292 1673 1325 1725 de
1349 1673 1392 1726 hie
1418 1670 1538 1726 iacienda
1563 1675 1679 1728 mentio.
1700 1675 1824 1730 Desierat
1850 1678 1899 1730 ttoc

1078 1757 1167 1828 ipsunt
1182 1759 1304 1828 imperat.
1318 1755 1391 1810 Zeno
1402 1756 1431 1809 e'n
1445 1757 1465 1809 i.
1478 1758 1707 1828 ngliende'ssienum
1721 1758 1746 1810 3.
1767 1777 1791 1813 a.
1803 1759 1830 1813 si
1846 1779 1898 1816 nu·

1077 1853 1116 1913 pt.
1134 1861 1171 1896 ea
1184 1858 1265 1895 rescr-
1277 1839 1411 1914 pet.quod
1432 1843 1454 1893 si
1479 1844 1540 1912 quie
1563 1842 1593 1896 in
1611 1853 1747 1912 posterum
1766 1845 1821 1908 eius
1840 1847 1896 1910 ret,

1080 1927 1153 1994 eujus
1175 1938 1214 1980 eet
1233 1928 1359 1995 denegata
1379 1927 1491 1995 petitio,
1517 1927 1596 1981 relati
1621 1928 1722 1990 ratione
1743 1929 1894 1999 nuptiarum

1079 2027 1138 2063 eum
1150 2009 1240 2065 fratris
1254 2013 1385 2066 sororiaee
1404 2006 1470 2076 titia,
1485 2012 1671 2081 impetraverit
1684 2013 1895 2076 concessionem,

1082 2093 1131 2146 hoc
1144 2105 1229 2148 tamen
1241 2095 1430 2164 subreptitium
1442 2096 1635 2150 aestimandum
1645 2113 1710 2150 esse.
1724 2096 1811 2150 Sicuti
1823 2095 1898 2150 enim

1080 2178 1150 2233 inter
1163 2179 1289 2250 requisita
1301 2179 1491 2250 rescriptorum
1504 2179 1567 2231 haec
1580 2179 1722 2249 praecipua
1732 2189 1806 2242 snat,
1822 2191 1848 2234 ut
1864 2178 1896 2230 it-

1080 2262 1125 2315 tud
1138 2281 1190 2316 non
1203 2263 1371 2328 adversetur,
1384 2281 1431 2316 nec
1442 2264 1494 2332 juri
1510 2261 1618 2326 dirino,
1639 2261 1829 2328 occentent,
1849 2279 1899 2317 nee

1080 2349 1225 2416 amittent.
1236 2351 1254 2406 i.
1267 2349 1514 2406 sacriscattonibees
1534 2349 1577 2402 43.
1591 2366 1613 2402 c.
1633 2347 1668 2402 de
1689 2351 1769 2421 episc.
1790 2349 1898 2404 eiciar.

1083 2451 1147 2488 nco.
1158 2435 1202 2486 83.
1216 2451 1239 2486 c.
1253 2437 1354 2490 1.ιιιιιι.
1370 2436 1412 2486 17.
1425 2451 1447 2488 c.
1461 2432 1487 2485 4.
1499 2431 1605 2504 canter.
1621 2433 1759 2486 idaestert.
1779 2444 1815 2485 tr.
1832 2435 1898 2488 iiiu-

1081 2521 1193 2593 str.p'eer.
1206 2531 1270 2572 mat.
1282 2536 1310 2588 p.
1327 2519 1372 2572 43.
1386 2520 1424 2572 ita
1435 2518 1504 2590 quod
1518 2517 1651 2573 evidenter
1663 2517 1736 2571 hisce
1748 2517 1849 2588 tegibus
1862 2535 1901 2570 re·

1082 2615 1189 2673 pugnat,
1200 2619 1234 2656 ex
1246 2602 1308 2656 iatsa
1323 2603 1486 2670 suggestione
1503 2618 1638 2655 emanasse
1659 2600 1822 2655 eredendum
1842 2613 1902 2669 est,

1083 2689 1122 2741 ret
1135 2687 1220 2756 potius
1234 2703 1280 2757 per
1291 2687 1459 2738 ambitiosam
1479 2685 1709 2756 importunitatem
1723 2686 1832 2755 aiicujus
1851 2701 1898 2738 ex·

1083 2781 1189 2824 tortum.
1202 2788 1225 2823 c.
1238 2769 1303 2840 puio
1318 2786 1369 2840 per
1379 2769 1553 2822 ambitiosam
1572 2769 1809 2837 importunitatem
1825 2769 1849 2834 s
1869 2788 1898 2822 ee.

1081 2853 1393 2908 deresar.inti.i.1·a.
1412 2853 1445 2905 de
1462 2853 1538 2922 petit.
1558 2854 1654 2906 bonor.
1672 2853 1766 2908 sudiat.
1784 2853 1858 2907 Guil.
1876 2855 1901 2906 2.

1079 2939 1136 2992 obe.
1148 2941 1183 2991 38
1205 2959 1232 2993 n.
1247 2940 1272 2991 9.
1286 2939 1429 3008 Quocirca
1445 2940 1472 2990 in
1488 2956 1550 2992 nor.
1563 2939 1607 2990 83.
1621 2954 1644 2990 c.
1661 2939 1705 2990 13.
1725 2939 1787 2992 tales
1805 2938 1905 3007 justio-

1081 3040 1137 3088 ιιι,
1149 3041 1215 3094 quae
1229 3034 1291 3075 sunt
1304 3033 1393 3076 contra
1411 3023 1489 3090 teget,
1505 3039 1557 3075 nou
1575 3019 1676 3076 attendi
1689 3021 1785 3075 debere
1803 3023 1904 3093 praeci·

1082 3107 1228 3178 piturquio
1248 3109 1337 3176 patius
1359 3108 1448 3175 legum
1468 3105 1634 3160 obsecrantis
1660 3107 1825 3177 injungitur,
1844 3123 1904 3160 curn

1082 3190 1206 3260 princeps
1220 3189 1247 3241 id
1262 3190 1324 3242 eeiit
1339 3189 1473 3254 obtinere,
1488 3190 1557 3259 qood
1570 3191 1625 3258 ejus
1639 3189 1707 3258 teges
1719 3190 1820 3242 uniunt.
1832 3190 1906 3243 coni.

1082 3273 1175 3327 Fraus.
1187 3271 1365 3344 Nig..Cpriau.
1380 3287 1454 3330 eant.
1462 3273 1522 3341 sar.
1535 3275 1580 3328 89.
1601 3293 1627 3327 ιι.
1650 3276 1692 3326 13.
1714 3276 1791 3329 Ηιιι.
1810 3274 1908 3346 Capye.

1083 3359 1147 3414 tate.
1159 3356 1217 3412 deo.
1229 3360 1334 3413 noviss.
1349 3359 1413 3413 174.
1426 3379 1456 3413 ιι.
1468 3360 1495 3412 3.
1506 3371 1533 3415 et
1544 3361 1598 3414 dec·
1613 3359 1674 3412 191.
1691 3380 1718 3414 ιι.
1742 3361 1785 3414 31.
1804 3363 1906 3415 Verum

1085 3445 1147 3499 haec
1164 3447 1276 3500 ulterius
1296 3447 1339 3498 itic
1358 3445 1408 3500 ioci
1427 3455 1549 3500 exstitere
1568 3463 1622 3499 non
1640 3447 1836 3502 concessurium
1858 3447 1908 3498 du·

1083 3547 1128 3593 eo,
1147 3546 1205 3582 cum
1223 3530 1309 3600 capita
1329 3531 1451 3600 sequenti
1470 3531 1498 3582 id
1522 3531 1628 3586 ratione
1653 3529 1827 3584 commodiori
1855 3547 1903 3582 ex·

1086 3612 1171 3682 pediri
1191 3629 1267 3682 posse
1285 3623 1436 3682 autumem,
1456 3615 1501 3671 ubi
1519 3615 1553 3670 de
1571 3615 1831 3689 praesumptionibus
1850 3614 1904 3668 tat·

1087 3693 1176 3747 sitatis
1190 3697 1324 3764 egendum
1338 3709 1383 3752 est.

892 3968 1141 4039 CAPUT
1180 3965 1245 4035 111.

604 4171 661 4239 De
686 4171 823 4238 ratione
841 4167 1013 4262 probandi
1022 4164 1229 4262 spiritatem
1252 4167 1289 4234 e'n
1309 4167 1481 4259 precibus.

462 4367 805 4428 saumata

227 4545 449 4600 Fundamentum
461 4535 624 4594 intentionis
631 4535 813 4608 probandum.
826 4555 854 4592 n.
868 4540 892 4592 1.

223 4629 319 4683 Judiei
326 4623 488 4696 permiserim
498 4632 538 4676 eet
548 4621 712 4678 examinare
723 4621 864 4690 rescripta.
877 4641 904 4676 ιι.
918 4621 944 4676 2.

227 4711 409 4768 liesoiuuntnr
420 4707 501 4762 eoem
514 4705 558 4760 iu'c
569 4703 747 4760 occurrentia.
760 4721 787 4758 n.
800 4706 826 4758 3.

230 4777 369 4866 Quatenus
386 4795 429 4848 tu'a
445 4791 527 4846 timae
543 4791 684 4862 disputare
700 4787 735 4843 de
748 4799 882 4860 potestate
904 4788 1041 4860 principis.

267 4897 341 4936 num.
354 4879 379 4930 4.

232 4969 373 5035 Quatenus
387 4959 471 5028 passis
484 4959 610 5030 princeps
625 4967 727 5014 contra
738 4955 788 5028 p’ue
805 4954 881 5010 civit.
891 4953 1043 5026 disponere.

265 5067 341 5103 nunt.
356 5048 382 5101 3.

230 5137 327 5192 Jeme
337 5131 387 5188 sui
396 5145 487 5198 poena
498 5134 607 5180 tenetur
617 5125 783 5180 eeaminare
794 5123 932 5196 rescripta·
945 5143 973 5179 ιι.
987 5125 1014 5180 3.

230 5226 312 5282 Atiae
320 5223 394 5278 locus
404 5227 446 5273 est
457 5213 643 5287 appeiiate'ont'.
654 5229 681 5264 rt.
695 5212 720 5264 ’1.

229 5307 305 5365 laten
316 5303 418 5360 odtt'net
431 5301 460 5353 ic
470 5297 561 5367 judice
572 5295 703 5365 delegata.
717 5312 744 5348 ιι.
757 5291 784 5346 8.

233 5397 375 5461 Quatenus
380 5387 472 5461 jacea
485 5380 618 5452 detegatur
626 5377 713 5447 paeee't
722 5393 884 5450 cognoscere
903 5379 937 5435 da
954 5378 1038 5436 rescre‘

264 5486 312 5544 pta
327 5473 355 5527 r'n
367 5470 440 5541 qaod
449 5467 529 5524 datus
539 5477 587 5523 eet.
601 5483 630 5518 ιι.
643 5465 669 5518 9.

232 5560 315 5616 11ιιιί
327 5551 475 5612 dubitandi
491 5571 518 5607 n.
531 5552 574 5606 tt).

230 5644 395 5716 Rescriptum
405 5658 462 5694 non
473 5637 572 5707 probat
584 5637 728 5693 ueritatem
741 5645 861 5702 precum.
873 5647 900 5680 n.
914 5632 958 5684 tt.

356 5723 459 5797 sentit
480 5723 540 5777 ιἰι.
566 5721 632 5775 rur.
676 5763 679 5770 .

1091 4363 1214 4421 Faise'tae
1226 4362 1257 4415 in
1269 4361 1351 4420 dudio
1365 4379 1423 4417 nan
1433 4363 1622 4434 praesumitur.
1636 4382 1665 4418 n.
1677 4365 1722 4418 tt.

1092 4453 1127 4504 In
1140 4444 1345 4583 dudiop'episitas
1358 4446 1445 4519 magis
1455 4449 1532 4518 cuipa
1544 4465 1629 4520 quaet
1642 4449 1707 4506 doto
1729 4446 1912 4520 censetursa·

1127 4541 1179 4585 cta.
1191 4548 1219 4584 n.
1271 4567 1278 4582 .

1091 4615 1283 4670 Ctausuiarum
1297 4613 1460 4668 natabitiam
1472 4616 1503 4667 e'n
1515 4616 1649 4684 rescriptis
1661 4613 1780 4684 effectus.
1794 4633 1822 4670 et.
1837 4613 1879 4666 14.

1092 4703 1126 4754 In
1138 4699 1223 4766 specie
1232 4699 1265 4753 de
1276 4695 1377 4768 effectes
1387 4698 1529 4754 ctamatae
1543 4709 1632 4754 natue
1641 4696 1756 4769 proprii.
1770 4715 1798 4753 n·
1813 4698 1858 4751 13.

1094 4785 1139 4838 De
1152 4781 1250 4852 effectu
1262 4783 1401 4838 clausulae
1412 4799 1449 4838 ee
1460 4793 1535 4838 certa
1545 4785 1669 4838 seeeeut'a.
1683 4801 1711 4837 n.
1726 4783 1769 4836 te.

1095 4869 1140 4922 De
1149 4864 1246 4937 effrem
1257 4866 1407 4930 cicuratas,
1420 4865 1453 4919 de
1462 4865 1624 4938 plenitudin-
1634 4865 1783 4936 potestatis·
1796 4883 1824 4920 n.
1838 4865 1883 4918 tr.
1983 4868 1987 4892 t

1096 4951 1141 5004 De
1151 4949 1284 5016 ciausuia,
1296 4965 1355 5006 non
1367 4949 1496 5004 obstante.
1508 4968 1535 5004 ιι.
1551 4951 1596 5006 18.

1094 5035 1238 5102 cremata,
1245 5049 1296 5104 pro
1306 5034 1448 5104 repressis
1460 5053 1489 5086 ιι.
1501 5035 1547 5090 19.

1095 5120 1215 5188 suspecto
1229 5115 1364 5189 sacuam
1381 5119 1453 5174 eottte
1468 5118 1719 5189 praesumptionem
1743 5133 1795 5188 pra
1819 5121 1916 5174 resare'·

1128 5202 1190 5269 ptis.
1202 5221 1229 5256 n.
1242 5203 1286 5254 20.
1907 5205 1910 5210 '

1099 5282 1398 5354 Ore'tnrsuspiciofaiei
1409 5285 1449 5356 tt>
1458 5303 1508 5352 per
1518 5287 1691 5356 importunae
1700 5302 1798 5359 preces.
1821 5305 1849 5339 n.
1869 5287 1918 5339 81.

1097 5372 1166 5423 Item
1176 5385 1226 5441 per
1237 5367 1394 5423 Munditias.
1410 5385 1437 5421 rt.
1453 5369 1496 5421 22

1097 5454 1138 5526 (3)
1151 5456 1209 5508 Per
1220 5451 1425 5522 dispositionem
1438 5455 1598 5527 contrajac·
1612 5472 1640 5508 ιι.
1655 5453 1699 5506 13.

1097 5539 1262 5606 Exemplum
1275 5535 1299 5590 ei
1309 5535 1355 5590 tite
1364 5536 1499 5604 pendente
1510 5539 1646 5614 supplicet.
1660 5555 1687 5592 n.
1701 5537 1746 5592 84.

1102 5628 1149 5678 An
1163 5621 1245 5678 laodic
1256 5620 1304 5676 teta
1312 5616 1447 5690 pendente
1460 5621 1611 5695 supplicare
1623 5620 1748 5677 licitum?
1758 5642 1787 5678 n.
1799 5624 1843 5678 tt.
