4498 6224
393 279 447 338 0¹3
713 298 719 308 ’
941 279 1130 338 orsaorsa.
1148 283 1236 340 xvii.
1255 283 1371 340 CAPUT
1392 285 1413 340 l.
1918 278 1972 333 111

340 377 399 460 sit,
425 401 485 444 neo
508 371 588 444 inde
612 373 749 444 humani
776 375 957 468 quicquam
983 403 999 444 a
1025 403 1059 446 se
1083 379 1230 540 aliffium
1254 381 1442 447 existimare
1465 376 1599 445 debeata
1625 376 1693 444 imo
1728 371 1819 443 haud
1850 395 1924 440 raro
1947 369 2021 439 atle-

337 470 447 536 ctibus
470 468 672 556 abripiatur,
690 479 757 533 ota
776 470 908 535 tramite
933 472 1082 554 justitiae
1105 470 1124 534 d
1173 484 1271 550 cetat,
1288 494 1324 538 ac
1348 472 1384 536 in
1408 469 1503 536 deria
1530 469 1677 536 labatur:
1695 467 1773 534 inde
1798 463 2020 570 praesumptio

340 555 397 625 illa
423 583 482 650 pro
507 558 700 648 magistrata
724 557 848 664 alioqui
876 559 1022 627 militans
1037 541 1169 650 saepiui
1184 560 1371 650 deliquium
1397 561 1540 650 patitur,
1560 581 1592 626 ct
1608 559 1758 626 sinistrae
1779 559 1929 646 opinions
1960 580 2022 623 aa·

337 673 405 717 sam
431 649 577 738 praebet.
602 647 703 736 Quod
727 649 753 713 si
778 672 870 714 cutm
897 653 932 714 in
956 651 1179 740 cognoscendo
1195 657 1403 718 excandescat
1424 649 1580 717 adversus
1603 673 1674 728 eos,
1690 669 1769 740 quos
1795 646 1893 712 malos
1911 660 2021 733 putat,

337 755 395 807 aut
422 738 573 831 precibus
596 739 858 806 calamitosorum
884 739 1124 831 illacrymatur,
1140 743 1316 808 constantis
1334 759 1366 807 et
1381 745 1460 808 recti
1486 739 1606 832 judicis
1628 737 1771 806 officium
1798 737 1944 814 excedit,
1960 763 2022 804 cu·

339 833 392 922 jus
416 831 517 897 animi
540 843 666 894 motum
692 828 806 894 vultus
829 829 905 894 dete
928 854 982 895 ere
1007 852 1074 896 non
1097 830 1256 906 debebat,
1280 832 1364 898 sicut
1388 830 1644 923 prudentissime
1667 827 1794 894 monuit
1811 825 2022 897 Callistratus

338 925 375 988 in
399 924 422 989 l.
453 916 632 1010 19.ffitie
656 919 716 1010 off
745 919 860 1010 praes.
886 853 960 988 lliox
983 920 1096 1014 itaque
1120 921 1179 988 ubi
1207 920 1378 988 affectibus
1405 920 1579 1012 indulget,
1608 918 1750 986 sinistris
1778 917 2023 1008 suspicionibus

328 1019 448 1078 'ansam
475 1008 678 1102 suppeditat,
701 1011 923 1104 partibusque
947 1009 1158 1102 litigantibus
1182 1011 1345 1102 querendi
1379 1012 1577 1078 occasionem
1635 1010 1768 1086 ruebat,
1792 1009 1817 1074 si
1853 1007 2019 1093 viderint,

341 1103 488 1194 judicem
513 1119 544 1168 et
567 1100 792 1192 magistratum
818 1102 854 1168 ia
886 1118 1010 1192 partem
1035 1101 1204 1169 adversam
1229 1102 1340 1170 animo
1358 1127 1406 1168 ma
1434 1102 1461 1168 is
1480 1033 1697 1206 propendere.
1716 1099 1816 1168 Unde
1832 1099 1915 1164 serio
1931 1097 2020 1168 Con-

341 1190 511 1259 stantinus
534 1192 615 1280 imp.
641 1189 816 1258 inculcavit
843 1193 878 1258 in
903 1191 926 1258 l.
953 1216 1005 1270 aa.
1029 1215 1057 1260 c.
1074 1193 1123 1260 ad
1144 1192 1169 1260 l.
1184 1191 1289 1261 Corn.
1305 1191 1348 1260 de
1357 1193 1397 1284 f
1423 1213 1451 1258 s.
1477 1203 1515 1256 ut
1538 1207 1625 1256 inter
1650 1201 1824 1281 atramque
1849 1211 2020 1278 personam

328 1275 381 1350 'sit
403 1281 506 1374 judex
530 1279 672 1360 medius,
697 1303 755 1350 nec
780 1281 846 1348 ulla
872 1281 1124 1350 interlocutione
1148 1281 1313 1376 divulget,
1337 1307 1423 1374 quae
1446 1283 1579 1348 sentiatz
1596 1303 1670 1347 eum
1694 1280 1784 1348 caim
1801 1279 2020 1348 indexanimi

338 1395 444 1442 sermo
466 1372 529 1450 sit,
553 1373 588 1438 iu
613 1393 713 1462 qnam
738 1385 865 1464 partem
893 1387 1062 1440 mereatur
1085 1373 1163 1440 inde
1188 1371 1275 1440 haud
1300 1373 1442 1440 obscure
1470 1370 1653 1460 apparebit.
1685 1367 1790 1435 Plura
1821 1366 1928 1438 adlruc
1957 1370 2020 1439 alis

344 1477 422 1532 suat
448 1463 704 1554 stragistratuumx
724 1461 940 1554 judicumque
965 1463 1057 1543 vitia,
1076 1487 1162 1554 quae
1185 1463 1332 1530 sinistrae
1357 1461 1638 1555 praesumptionis
1656 1461 1825 1526 materiam
1845 1459 2018 1549 praebent,

338 1553 381 1622 de
404 1553 529 1645 quibus
551 1576 593 1618 ex
618 1549 758 1640 professo
780 1575 921 1642 egerunt
943 1551 1048 1620 Gabr.
1066 1554 1205 1620 Alrarra
1221 1552 1261 1618 de
1278 1553 1415 1620 Velasoo
1436 1555 1474 1618 in
1490 1567 1533 1618 tr.
1549 1548 1717 1640 dejudice
1731 1549 1897 1642 perfecto,
1912 1568 1944 1617 ct
1960 1553 2019 1619 du.

340 1643 513 1735 Zieglerus
535 1641 574 1708 in
595 1641 852 1732 elegantissimo
875 1640 961 1708 libro
984 1641 1026 1710 dc
1048 1645 1162 1735 officio
1180 1642 1325 1733 judicis.
1352 1644 1476 1712 Verum
1500 1663 1574 1708 cum
1599 1641 1632 1707 hi
1648 1660 1794 1708 auctores
1808 1640 2021 1732 generalibus

340 1750 472 1800 tantam
497 1734 674 1810 insistant,
699 1756 758 1798 nec
783 1733 821 1796 ad
846 1732 1001 1822 speciales
1022 1735 1274 1828 progrediantur
1298 1757 1407 1812 casus,
1430 1730 1567 1824 quando
1591 1733 1676 1796 bene
1702 1731 1753 1798 ael
1780 1728 1861 1796 mele
1885 1730 1927 1798 de
1953 1755 2020 1796 ma·

340 1827 480 1912 gistratu
505 1847 541 1888 ac
565 1823 675 1911 judice
696 1823 977 1914 praesumendum
1002 1825 1064 1902 sit,
1088 1845 1166 1916 ego,
1190 1827 1242 1889 cui
1267 1827 1357 1914 jussu
1385 1837 1596 1914 patronorum
1620 1823 1785 1910 specimen
1802 1821 2021 1888 academicum

339 1913 507 1980 edendnm
532 1911 611 1990 suit,
634 1935 672 1976 ex
701 1914 798 1978 rariis
821 1913 1009 1980 auctoribus
1034 1914 1140 1980 bonae
1159 1914 1328 2006 malaeque
1353 1914 1632 2003 praesumptionis
1648 1930 1840 2002 argumenta
1857 1911 1974 2004 selegi,
1991 1930 2025 1982 et

347 2005 381 2068 in
407 2019 510 2083 certa,
536 2025 623 2091 quae
648 2001 699 2067 laic
723 2016 930 2094 sequentur,
954 2006 1058 2093 capita
1086 2005 1205 2096 redegi.
1226 2002 1363 2070 Materia
1387 2016 1474 2070 certe
1498 2003 1701 2090 amplissima
1716 2014 1829 2080 est‚et
1853 2000 1930 2067 hinc
1947 2002 2024 2088 plu·

337 2096 429 2159 'sima
455 2094 564 2160 adhuc
587 2091 765 2158 desiderari
789 2115 896 2182 posse,
921 2092 1041 2160 lubens
1064 2093 1177 2161 fateor.
1203 2093 1340 2160 interim
1367 2094 1496 2160 reniam
1522 2117 1539 2158 a
1565 2093 1584 2160 l.
1611 2094 1640 2156 b.
1666 2091 1747 2157 mihi
1776 2090 1928 2182 polliceor
1950 2115 2020 2160 cer·

351 2187 531 2258 tissimum,
555 2183 582 2247 si
606 2204 672 2246 non
697 2184 805 2247 omnia
833 2183 886 2249 hic
909 2183 1047 2251 adducta
1073 2182 1214 2262 viderit,
1239 2207 1327 2274 quae
1350 2207 1409 2274 pro
1433 2185 1551 2250 merito
1575 2181 1673 2272 hujus
1697 2181 1853 2248 materiae
1875 2180 1940 2250 dici
1966 2183 2023 2249 do·

347 2273 494 2360 bebant3
521 2271 580 2338 hac
603 2272 693 2336 enim
716 2295 774 2360 spe
798 2274 903 2352 nitor,
928 2273 1035 2365 ipsum
1059 2271 1138 2340 boni
1166 2273 1284 2364 judicis
1309 2292 1415 2366 partes
1439 2273 1492 2340 liic
1507 2285 1752 2361 suscepturum.
1769 2271 1848 2363 qui,
1863 2295 1950 2360 quae
1973 2274 2026 2338 ad·

345 2365 465 2430 vocatis
487 2362 626 2445 desunt,
651 2359 807 2452 supplere
830 2362 927 2444 solet,
951 2376 984 2430 et
1008 2364 1124 2442 debet,
1155 2379 1179 2430 t.
1210 2379 1234 2430 t.
1267 2389 1297 2431 c.
1331 2380 1370 2432 ut
1399 2385 1485 2453 quae
1512 2363 1585 2432 der.
1611 2359 1686 2428 ade.
1713 2377 1803 2454 part.
1827 2359 1905 2450 jud.
1927 2387 2024 2456 supp,

344 2451 436 2520 unde
460 2465 492 2520 ei
518 2452 672 2518 eumdem
690 2475 746 2518 sua
773 2451 1002 2521 benevolentia
1026 2453 1171 2520 desectus
1195 2476 1283 2522 meos
1306 2452 1539 2545 suppleturum
1564 2449 1705 2518 confido.
1731 2451 1796 2518 Sed
1821 2475 1837 2516 a
1862 2451 1932 2518 Deis
1957 2469 1979 2519 t.
1994 2475 2024 2518 ο.

346 2569 389 2610 m.
415 2543 583 2609 auxilium
608 2541 725 2610 devote
749 2541 906 2632 imploro,
932 2560 969 2610 ut
990 2543 1153 2637 quicquid
1177 2545 1232 2612 liic
1256 2567 1444 2637 susceptum
1469 2543 1591 2612 laboris
1614 2556 1679 2622 est,
1698 2541 1733 2608 ia
1758 2543 1863 2634 ipsius
1885 2542 2024 2634 gloriam

246 2723 253 2732 Ι
342 2659 378 2702 ae
402 2633 551 2725 justitiae
575 2633 814 2700 incrementum
840 2631 966 2701 tendat.
1716 2673 1718 2680 ·

1022 2817 1051 2887 C
1076 2817 1106 2884 Α
1129 2816 1158 2885 Ρ
1182 2817 1270 2886 tit
1317 2816 1347 2886 l.

444 2963 446 2970 ‚
517 2985 575 3056 De
594 2991 879 3081 praesumptione
898 3011 963 3079 pro
987 2988 1199 3078 magistratu
1224 2989 1263 3056 in
1286 2989 1451 3056 exercitio
1469 2989 1656 3079 potestatis
1675 2987 1844 3080 publicae.

576 3171 599 3226 8
617 3173 647 3229 U
662 3172 699 3226 Ι
712 3172 749 3226 H
761 3174 790 3227 A
808 3175 835 3228 ll
852 3175 871 3228 1
886 3175 915 3227 A
1211 3172 1382 3240 lanistrata
1407 3193 1466 3230 nan
1481 3173 1663 3245 praesumitur
1675 3176 1761 3232 saluti
1770 3175 1891 3246 publicae
1901 3175 2035 3252 praejudi·

1242 3263 1346 3321 cares.
1360 3259 1402 3312 23.

340 3336 518 3411 [adstratus
530 3337 643 3394 nomine
655 3337 769 3410 pateram
779 3339 906 3393 ueniant.
917 3347 937 3404 l.
950 3343 979 3397 1.
1211 3339 1376 3408 Eneenplum
1389 3341 1417 3394 in
1430 3341 1604 3396 concessione
1615 3341 1806 3397 immunitatis.
1818 3343 1842 3410 ς.
1854 3341 1898 3396 il.

343 3426 410 3494 (luis
422 3439 516 3479 sensus
526 3423 610 3496 lajas
625 3423 703 3478 occis
715 3423 838 3498 injure?
849 3420 872 3495 fi.
886 3425 912 3476 2.
1212 3426 1369 3492 Privilegia
1383 3427 1587 3496 restringuntur·
1597 3426 1630 3480 ab
1641 3427 1756 3482 saliatem
1765 3427 1912 3498 pullicum.
1925 3436 1949 3493 ς.
1959 3431 2003 3484 11.

341 3510 376 3562 in
391 3507 557 3576 generaliari
571 3505 732 3579 significata
750 3509 926 3580 magistratus
946 3508 992 3564 tta
1015 3511 1162 3584 capiatur.
1213 3507 1351 3579 Principis
1363 3527 1483 3576 persona
1496 3509 1591 3580 aitque
1601 3511 1783 3582 praecurritur
1794 3515 2033 3580 ecceptaAEeem-

381 3599 402 3656 ς,
422 3595 449 3647 3,
1243 3593 1319 3663 pluas
1332 3593 1360 3646 in
1370 3593 1566 3662 iurisdictione.
1589 3597 1624 3646 In
1647 3594 1763 3648 statutis.
1786 3598 1821 3648 ln
1839 3611 1924 3650 onere
1940 3599 2032 3656 detra·

339 3675 446 3732 Contra
461 3676 612 3748 principem
630 3695 689 3733 non
707 3675 893 3747 acpuejiscila
914 3679 1163 3752 praesumendum.
1245 3676 1354 3732 ctionis.
1369 3683 1401 3732 ln
1416 3679 1523 3733 indulso
1538 3678 1700 3734 enoratorio.
1714 3685 1735 3740 §-
1749 3679 1791 3732 2⁰.

373 3759 398 3833 ξ.
417 3761 442 3814 l.
1213 3765 1248 3817 Ira
1268 3763 1408 3834 erigendis
1424 3766 1543 3819 collemir
1551 3764 1735 3835 praesumptio
1749 3775 1789 3820 ert
1798 3784 1849 3835 pro
1864 3767 2033 3840 magistrum.

342 3847 402 3914 Qua
418 3855 552 3916 potestate
565 3845 694 3920 princepe
710 3848 739 3902 in
766 3844 848 3902 dulia
874 3849 918 3903 uti
938 3847 1160 3919 praesumatur?
1251 3849 1338 3910 117.
1548 3873 1549 3878 κ

381 3935 405 3992 t.
423 3929 447 3982 o.
596 3959 601 3966 ·
1212 3935 1311 3988 traaas
1324 3945 1414 3988 tamn
1428 3943 1454 3988 et
1467 3935 1681 3990 intereamus.
1698 3941 1719 3999 ς.
1733 3935 1780 3990 28.

339 4010 465 4068 Facilior
474 4012 661 4084 praesumptio
674 4024 772 4070 eontra
783 4014 1053 4085 negotiaremur.
1213 4019 1404 4072 emerentur
1421 4018 1553 4084 idoneus,
1578 4038 1657 4088 puem
1675 4021 1801 4092 princeps
1819 4021 1857 4073 aa
1873 4019 2035 4092 dignitatem

340 4097 431 4151 Bona
442 4099 622 4168 praesumptio
631 4113 684 4166 pro
693 4097 826 4170 principe.
838 4101 861 4168 ς
874 4099 901 4152 7.
1246 4101 1346 4158 aeelrit.
1360 4103 1463 4168 saltu,
1482 4103 1507 4156 ei
1520 4121 1571 4176 per
1583 4103 1679 4159 illicita
1702 4105 1794 4159 media
1809 4118 2051 4173 promereantur..

340 4181 402 4234 Pro
416 4181 588 4249 magistrata.
602 4181 663 4244 18.
1248 4186 1271 4252 ς.
1290 4185 1332 4237 19.

348 4265 409 4318 Pro
418 4261 550 4333 iudicet.
565 4265 591 4318 l.
1211 4271 1259 4323 An
1272 4267 1400 4340 trjficiolie
1412 4289 1449 4326 sar
1458 4269 1537 4326 tionis
1546 4271 1680 4345 principis
1690 4273 1855 4350 selreipubl·
1868 4293 2029 4345 praesuma·

344 4349 488 4405 &natalis
496 4349 685 4421 praesumptio
695 4365 749 4416 pro
760 4347 897 4402 omnibus.
911 4345 934 4422 ᾗ
949 4350 994 4404 10.
1244 4357 1421 4412 turditanis?
1434 4359 1513 4425 580.

339 4433 518 4504 lapitwua
526 4431 816 4504 praesumsiarofficro
830 4431 1066 4504 benefecerunt.
1082 4439 1126 4494 tt.

336 4519 534 4588 ,resonantia
551 4537 601 4592 pra
626 4520 656 4572 ll.
673 4518 936 4594 jacomottus
953 4519 1051 4576 diuina
1069 4523 1163 4580 aleret.
1209 4515 1233 4592 §-
1252 4523 1279 4574 t.
1306 4477 1363 4582 Da
1380 4522 2033 4596 magistratuumecttislaotlaqaeetlnrleoriaa·

378 4599 402 4674 5.
423 4603 465 4658 ts.
1177 4653 1179 4658 ,
1210 4607 1252 4659 dts
1269 4611 1530 4680 praesumptionibus
1550 4627 1591 4662 mc
1611 4609 1756 4664 sollicitum
1776 4627 1844 4671 esse.
1868 4611 1976 4663 rubrica
1989 4611 2033 4662 di·

343 4687 522 4757 lapistratut
534 4683 655 4758 inferior·
667 4687 741 4744 ultra
752 4685 947 4754 ltproccdeas,
964 4688 1062 4746 doceat
1079 4707 1160 4743 man·
1209 4704 1277 4762 sput.
1294 4695 1422 4749 ostendit.
1441 4697 1607 4765 meginratus
1623 4711 1684 4750 sera
1694 4695 1841 4766 appellatio
1854 4695 1883 4748 iu
1897 4697 2034 4765 ampliori,

374 4769 575 4836 datum.§.13.
1209 4794 1288 4844 quam
1314 4779 1390 4850 talpa
1414 4780 1502 4842 solet,
1525 4775 1676 4850 significatu
1699 4780 1743 4834 lala
1760 4779 1899 4850 capienda.
1926 4781 2032 4836 Etenim

341 4851 478 4906 Bimalto
492 4851 839 4923 mags'saliicommissarii.
859 4851 1101 4919 accuminatis.
1116 4853 1161 4909 11.
1209 4861 1274 4915 adeo
1291 4865 1362 4917 eoois
1380 4861 1457 4930 hojm
1474 4860 1621 4917 emineatis
1646 4861 1778 4925 decrerit,
1805 4875 1831 4916 at
1854 4861 2033 4920 inferioribus

341 4937 386 4992 Be
399 4936 525 4990 ministro
535 4935 672 5006 principis.
685 4938 708 5002 ς.
723 4937 770 4989 ld.
1211 4945 1325 5014 reipubl.
1342 4945 1605 5002 administratoribus
1626 4957 1724 5002 tantum
1743 4945 1860 5008 pdscrilsi
1880 4951 1978 5013 soleat,
2004 4961 2034 5006 st

342 5021 391 5073 An
404 5035 457 5085 pra
470 5015 603 5072 mandata
616 5016 750 5090 principis
759 5016 1008 5088 praesumendam?
1019 5027 1043 5084 t·
1057 5022 1104 5104 10.
1210 5040 1347 5099 eapropter
1365 5027 1394 5082 ia
1413 5030 1618 5084 aoatmeersiara
1637 5039 1754 5084 comtum
1774 5029 1813 5082 sit
1829 5049 1884 5083 aon
1896 5049 1911 5084 a
1932 5033 2033 5102 paucis,

339 5101 473 5166 Itandata
482 5103 623 5158 severium
636 5121 695 5157 non
707 5121 776 5158 moa
787 5105 990 5176 exequendas
1004 5105 1048 5158 17.
1209 5125 1243 5162 aa
1262 5111 1432 5181 magistratus
1448 5113 1590 5183 appellatio
1615 5113 1696 5166 stiam
1722 5111 1889 5182 principibus
1911 5113 2033 5177 sapitas·

341 5185 519 5256 lagaeam
531 5187 602 5260 p'ura
615 5189 685 5242 scire
692 5187 887 5258 praesmissa.
898 5189 987 5244 Fallit
1004 5189 1035 5244 ia
1048 5187 1164 5262 juribus
1209 5209 1260 5262 qua
1278 5195 1417 5250 tribuenda
1435 5195 1488 5258 sit,
1506 5195 1540 5248 dc
1556 5213 1608 5264 aaa
1621 5195 1673 5249 eid.
1687 5195 1820 5265 Clapraar.
1833 5197 1866 5250 de
1878 5213 1972 5252 amaa.
1988 5203 2033 5252 ra'·

376 5269 600 5337 particularibus.
613 5277 638 5334 ς.
652 5272 696 5324 ts.
1210 5278 1344 5346 rempubl.
1361 5278 1380 5331 l.
1398 5279 1424 5330 1.
1442 5296 1467 5332 a.
1485 5276 1509 5331 l.
1529 5279 1606 5332 Viae.
1625 5279 1758 5334 Gabotias
1778 5279 2031 5354 l.1isp·1'ur.pai.

342 5353 406 5408 iian
417 5355 604 5424 praesumitur·
614 5355 735 5408 oolur'sse
743 5353 934 5430 praejudicare
945 5355 1037 5412 lartio.
1046 5357 1101 5412 Jus
1109 5365 1162 5410 tar·
1211 5370 1238 5414 at
1252 5361 1319 5428 pria.
1338 5379 1360 5414 a.
1380 5364 1406 5416 7.
1434 5361 1523 5416 lieres.
1539 5361 1576 5416 'da
1595 5363 1707 5432 ictiona.
1733 5383 1756 5420 a.
1782 5365 1810 5418 0.
1835 5383 1864 5418 n.
1889 5365 1934 5421 ot.
1959 5385 2032 5438 seqp.

378 5437 411 5490 te'i
421 5441 607 5510 praesumitur
616 5450 769 5508 cereptum.
785 5437 809 5512 5.
823 5439 868 5492 to.
1212 5441 1289 5497 Certe
1306 5445 1329 5496 sl
1345 5445 1513 5500 Aristotelem
1532 5463 1684 5518 murmur,
1695 5440 1770 5518 prior
1782 5447 1827 5502 illa
1841 5451 1974 5502 mutantia
1987 5469 2035 5504 aa·

342 5523 495 5592 Derapatio
507 5523 648 5594 privilegii
655 5541 712 5578 non
723 5527 915 5592 praesumitur.
927 5527 951 5596 ς.
964 5525 1007 5580 10.
1212 5529 1284 5598 tique
1301 5527 1443 5582 admodum
1455 5542 1503 5593 est,
1523 5531 1587 5584 adeo
1600 5542 1628 5584 ut
1642 5532 1760 5602 sequiori
1777 5533 1885 5585 deinum
1899 5551 1962 5586 aare
1975 5535 2031 5603 ipsi

346 5607 718 5678 ouidaiadleneplacitum.
732 5611 812 5678 §.21.
1212 5605 1341 5681 majestati
1362 5615 1531 5682 magistratus
1548 5617 1693 5686 appellatio
1710 5620 1817 5671 tributa.
1833 5618 1872 5672 lta
1890 5618 1963 5672 caira
1985 5623 2032 5675 illa

347 5692 1044 5772 Quidsienoturpreprir'clausulaadjecta?n·22.
1119 5745 1120 5750 ,
1212 5696 1258 5754 lit.
1279 5697 1302 5752 l.
1317 5700 1373 5772 pol·
1392 5717 1450 5775 cop.
1479 5701 1522 5754 tt.
1547 5705 1620 5774 justa
1648 5703 1820 5775 paraphrasin
1845 5701 2036 5760 iaciasiacias
