4462 6202
430 291 502 360 lott
974 307 1166 365 Dlol‘U'l'd'l'.
1184 310 1281 368 txttt.
1299 311 1417 368 cetur
1434 314 1483 369 lv.
1940 313 2016 369 1011

248 425 253 452 t
322 394 359 449 87
413 396 597 471 lioperluntnr
613 407 698 453 tamen
710 407 797 454 certae
815 404 841 452 et
858 396 1044 454 determinatae
1056 419 1154 472 poenae
1171 405 1198 458 ln
1249 415 1334 472 natur,
1354 405 1543 460 condemnatur
1559 405 1680 475 prolium
1697 395 1945 460 adrrrrariornoia
1957 423 2070 462 oman

377 483 517 540 nonnnttts
535 483 640 538 eaoiltua
658 483 709 537 huo
728 482 890 538 relerendre.
910 483 956 538 Sic
965 485 1011 554 qni
1023 487 1126 556 nuptiae
1138 487 1200 540 rab·
1248 485 1306 540 litia
1322 487 1544 541 aestimationem.
1561 489 1658 543 Eodem
1687 488 1765 542 modo
1781 489 1826 557 qni
1852 487 1997 558 inp-lena
2018 501 2070 559 pu

377 569 504 638 reptiono
521 567 534 639 (
541 566 718 640 exprimendo
735 567 793 620 teil.
811 582 840 618 ιι
852 566 948 619 habero
959 584 1113 620 woccaram
1126 571 1198 638 puel-
1247 572 1476 641 anpplicntionem,
1486 583 1620 642 portqoam
1635 581 1740 641 tempas
1751 571 1908 641 provocandi
1921 573 1974 639 tam
1985 587 2069 642 prae·

376 651 444 723 lan)
463 667 510 722 prr
529 651 687 721 reomiptnm
705 649 802 721 potiit.
822 652 932 720 punitur
955 651 1099 705 amiaaionr
1115 656 1198 707 bono·
1250 657 1401 726 terlaprntn.
1418 676 1433 710 ι
1451 657 1573 727 principe
1589 657 1717 710 auxilinm
1730 657 1816 726 petit,
1827 657 1993 726 ignominiae
2005 672 2072 728 poe·

378 749 440 788 rum
459 745 487 788 ot
503 731 696 804 deportatione,
716 733 751 787 it.·
765 733 909 786 amiaaioor
924 735 991 802 iuria
1004 735 1165 789 matrimonii
1178 737 1198 792 l.
1249 755 1281 790 ιιι
1293 748 1400 792 notatur
1410 739 1429 791 l.
1441 739 1490 810 qai
1498 738 1608 794 linitam.
1621 740 1647 792 8.
1658 757 1681 792 e.
1693 740 1799 793 rodem.

375 815 498 891 quidam.
517 819 543 868 ¹.
568 833 594 870 ι.
615 817 643 870 ιι·
665 826 743 884 nupt·
767 833 806 870 en
830 815 948 887 rereript
970 825 1025 884 pet.
1052 816 1199 887 singularia
1284 819 1342 873 Boo
1358 821 1418 892 ipro
1435 820 1584 876 mendaeem
1603 833 1767 890 precatorem
1784 821 1910 887 dimitto,
1928 829 1989 876 tuo
2004 839 2072 878 rer·
2088 811 2121 866 ³⁸

374 917 461 973 poena
477 907 571 954 atatnta
589 907 631 953 eat
648 897 678 952 ia
695 898 712 950 l
732 899 761 954 ri
783 915 803 952 a
828 917 887 953 non
903 897 1023 952 δοιιιίιιι
1045 900 1093 953 uit.
1117 917 1141 954 e.
1164 901 1200 956 do
1248 899 1464 970 benemlentiae,
1482 903 1608 958 bmorole
1623 905 1724 970 lector,
1739 921 1806 974 qnae
1823 905 1857 959 do
1874 905 1922 957 illo
1933 922 1984 975 pro
2002 907 2071 960 riri·

376 986 421 1040 dir
436 983 484 1057 qni
500 1003 519 1039 a
537 1001 596 1037 non
614 982 687 1036 don.
704 983 810 1054 qnando
828 981 1200 1054 ariinoadominnxaprin·
1247 985 1297 1039 ῑιιιι
1320 997 1347 1040 at
1370 987 1476 1042 modulo
1499 987 1601 1057 ingenii
1626 987 1770 1040 meditatur
1793 1003 1876 1050 mm.
1900 987 2069 1056 oommitto,

375 1071 438 1139 ripe
457 1084 504 1140 por
520 1065 602 1120 falsat
619 1082 710 1137 procer
729 1064 899 1135 impetrarit,
918 1075 948 1118 nt
965 1066 1081 1119 alienam
1100 1069 1200 1121 manet·
1249 1086 1425 1142 animaeque
1442 1081 1500 1125 toan
1515 1071 1696 1127 libentiorimo
1714 1071 1780 1127 liaeo
1795 1071 1941 1138 onbmltto,
1959 1073 2067 1127 renim

381 1153 458 1225 pium
478 1149 691 1214 manumittatur,
708 1159 734 1202 et
752 1147 791 1200 lta
808 1148 1000 1202 conicientium
1018 1149 1075 1217 ejnr
1093 1146 1198 1217 iel'ellit,
1247 1164 1388 1225 expetent,
1406 1155 1430 1208 ti
1446 1155 1532 1226 aliqua
1557 1156 1587 1208 in
1612 1171 1643 1209 ro
1665 1155 1823 1210 admiserim
1847 1171 1978 1209 errorem.
2002 1157 2070 1210 'falti

381 1234 515 1304 mancipia
532 1233 591 1286 looo
609 1231 765 1284 manumitti
783 1239 889 1285 tenetur
914 1231 978 1284 clare
1003 1231 1056 1283 aluo
1072 1232 1198 1301 domino,
1247 1256 1309 1294 aero
1327 1239 1397 1292 ttem
1413 1239 1634 1305 elementissimo,
1651 1239 1697 1310 qul
1714 1249 1743 1294 et
1761 1239 1924 1312 principiam
1950 1250 1976 1293 et
1999 1235 2067 1293 fluia

377 1317 499 1386 ejntdem
519 1329 596 1368 texat
613 1313 708 1366 rotatio
724 1321 753 1364 et
769 1313 852 1376 artie,
869 1321 898 1365 et
909 1313 960 1366 alia
971 1313 1020 1368 tria
1030 1309 1096 1368 liaoo
1107 1316 1196 1370 eadem
1248 1336 1294 1382 ea,
1311 1320 1410 1390 gratian
1426 1322 1527 1390 agendo
1544 1323 1728 1390 humillima,
1743 1323 1916 1397 ooloplaooom
1929 1321 1994 1377 taio
2007 1322 2068 1378 dix·

382 1401 488 1456 rationo
502 1397 612 1456 similla.
631 1394 706 1448 Alina
722 1411 798 1448 ιιιιιι
815 1396 929 1450 occurrit
953 1395 982 1448 in
1006 1397 1027 1450 l.
1049 1397 1200 1467 ruminare
1248 1403 1529 1477 nuntiantium.

378 1487 404 1538 Ι.
421 1501 445 1538 r.
464 1495 494 1540 nt
512 1473 558 1538 tite
572 1479 699 1552 pendent.
717 1479 766 1530 vel
782 1489 846 1549 port
859 1485 1000 1542 provocat.
1017 1479 1063 1532 nbi
1089 1483 1129 1547 la,
1152 1482 1197 1552 qui

379 1584 429 1641 per
447 1565 525 1622 ίιΙιιι
541 1579 632 1638 procer
643 1561 827 1632 qnaertionem
839 1563 1006 1618 terminatam
1020 1560 1145 1618 refricare
1156 1581 1199 1620 on·
1491 1569 1570 1626 sot!
1588 1569 1661 1626 nto
1677 1569 1823 1626 Gmnll.

789 1829 1124 1914 utsnurauto
1147 1837 1415 1915 mansura
1440 1835 1665 1932 Quanta

369 2191 370 2196 ψ
464 1978 1206 2150 ιιιίιιιιιιιιιιιι
1241 2032 1476 2148 tuate
1509 2030 1975 2176 cantatura,

1027 2274 1082 2320 nu
1103 2275 1187 2321 tuan
1209 2272 1419 2335 monneto.

1087 2460 1366 2505 ΗΠΗΜΗΒ

679 2620 892 2691 Jouttttttt
914 2621 1198 2692 Gttttls‘rtttto
1219 2621 1453 2692 ttuttzttb.
1476 2624 1758 2694 unattsuav.

950 2926 1502 2975 -ι-ψ-σ

1070 3157 1389 3229 PRAEFATIO.

396 3393 454 3522 In
478 3444 588 3523 studio
609 3443 640 3510 le
662 3442 705 3510 ali
730 3465 767 3511 ee
813 3467 868 3510 rae
890 3425 1025 3512 caeteris
1048 3443 1295 3536 pertractanda,
1318 3465 1465 3534 qnorum
1482 3444 1603 3536 aliquia
1616 3443 1661 3512 sit
1679 3467 1778 3523 utun,
1794 3450 1855 3537 qui
1875 3449 1962 3517 bono
1981 3474 2066 3543 qno·

392 3543 482 3631 piam
506 3557 575 3603 rem
599 3466 767 3625 pultlioam
834 3549 884 3615 et,
908 3531 978 3599 Leo
1001 3535 1179 3624 imperator
1201 3531 1356 3602 admonet
1379 3533 1414 3596 in
1440 3555 1515 3602 noo.
1547 3533 1601 3620 46.
1625 3533 1725 3620 Quod
1750 3537 1857 3626 iprum
1891 3540 2066 3628 famigera-

392 3629 538 3698 tissimut
560 3624 617 3689 ille
639 3623 797 3690 Jotornm.
822 3621 892 3688 Du.
916 3622 1067 3691 Diether.
1092 3625 1131 3690 in
1156 3625 1309 3714 praesint.
1341 3623 1391 3690 nd
1421 3625 1579 3692 lectorem
1607 3621 1692 3692 ther.
1718 3641 1834 3716 praet.
1865 3627 2066 3698 beroldinno

392 3715 551 3811 praefixa,
574 3713 670 3780 claris
691 3711 869 3779 admodum
892 3713 1049 3805 indigitat
1072 3713 1189 3780 verbis.
1215 3713 1261 3780 Et
1283 3713 1387 3780 multa
1411 3727 1499 3781 certe
1522 3713 1602 3779 disci
1630 3713 1668 3779 in
1691 3737 1782 3806 spem
1817 3715 1950 3786 suturae
1978 3719 2065 3786 obli·

390 3805 522 3886 vionia,
544 3803 749 3893 experientia
773 3803 866 3869 testis
888 3817 954 3870 est:
979 3803 1080 3871 multa
1105 3803 1195 3870 enim
1219 3825 1338 3894 magun
1360 3825 1436 3871 cum
1460 3815 1621 3896 apparatu
1646 3807 1803 3895 proponi,
1818 3805 1874 3873 sed
1891 3833 1976 3897 quae
1993 3833 2064 3875 ma·

391 3897 441 3988 gia
463 3894 591 3984 ingenii
614 3890 881 3975 ostentationem,
903 3915 1006 3986 quam
1030 3917 1126 3960 nsum
1152 3891 1331 3985 quemdam
1356 3894 1392 3960 iu
1416 3893 1587 3980 republica
1605 3913 1682 3978 prae
1705 3917 1739 3960 ao
1764 3893 1868 3980 ferre,
1891 3898 2004 3965 lectori
2025 3900 2061 3963 in

391 3983 501 4052 oculos
525 3983 683 4050 incurrit:
705 4005 780 4047 curn
803 3995 913 4048 tamen
937 4003 1004 4052 non
1028 3982 1175 4066 scholae,
1198 3981 1256 4051 sed
1280 3981 1367 4049 ritae
1389 3983 1573 4063 discamus,
1597 3981 1690 4050 laoile
1705 3983 1960 4067 cuivisoonatat,
1975 3988 2065 4080 opti·

387 4099 443 4140 me
467 4073 531 4139 tibi
555 4069 726 4140 consulere
743 4070 833 4152 illos,
853 4074 915 4163 qui
938 4095 1072 4161 operam
1097 4073 1148 4138 hit
1174 4072 1372 4160 impendunt
1388 4073 1505 4153 rebus,
1524 4096 1606 4162 quus
1625 4072 1756 4160 publica
1772 4074 1980 4144 commendat
1997 4077 2064 4143 uti·

390 4163 483 4245 litat,
506 4177 540 4231 et
562 4160 760 4254 judiciorum
784 4185 860 4228 usus
884 4161 1052 4254 frequenti
1078 4163 1290 4228 ventilatione
1312 4161 1431 4231 dubias
1454 4161 1573 4231 reddit.
1596 4161 1746 4228 Huncin
1763 4161 1862 4231 finem
1884 4165 2062 4232 exantlatis

392 4253 600 4318 examinibus
623 4251 708 4342 juria
731 4249 1004 4336 solemnioribus,
1028 4252 1116 4317 inter
1141 4252 1262 4329 varias,
1287 4273 1374 4340 qnae
1397 4253 1479 4320 milui
1503 4251 1544 4318 de
1561 4251 1702 4318 themate
1725 4253 1915 4344 inaugurali
1940 4254 2064 4323 sollici·

391 4359 445 4424 to,
469 4365 504 4408 te
526 4340 722 4408 obtulerunt
741 4341 916 4421 materias,
938 4358 1140 4432 praetentent
1164 4339 1205 4408 tle
1220 4343 1316 4431 juris
1340 4343 1488 4413 ciuitatis
1512 4345 1744 4431 resignatione
1767 4343 1954 4434 eligendam
1984 4367 2063 4410 cen·

391 4433 464 4514 aui,
491 4445 604 4522 utpote
626 4453 712 4518 quae
734 4427 845 4495 ubivis
867 4429 1011 4496 locorum
1034 4454 1068 4496 ee
1091 4433 1231 4514 exserit,
1254 4443 1288 4496 et
1310 4433 1346 4498 in
1370 4435 1528 4502 omnibus
1545 4431 1747 4498 Germaniae
1763 4433 1955 4498 civitatibus
1967 4456 2065 4500 auam

392 4521 531 4614 praebet
555 4518 741 4586 utilitatem.
766 4516 894 4584 Diffusa
919 4518 1054 4610 quidem
1079 4521 1134 4586 illa
1159 4534 1231 4599 est,
1253 4533 1288 4586 et
1311 4547 1372 4613 pro
1396 4523 1586 4591 diversitate
1602 4521 1749 4587 locorum
1769 4525 1873 4588 varia:
1899 4547 1956 4589 neo
1972 4525 2063 4590 enim

390 4611 501 4677 omnia
527 4631 566 4676 ex
589 4608 662 4698 jure
683 4611 854 4676 communi
876 4605 1074 4678 decisionem
1096 4611 1253 4700 capiunt,
1276 4613 1330 4678 sed
1359 4611 1518 4706 pleraque
1552 4612 1696 4678 locorum
1726 4612 1858 4679 statutis
1892 4613 2064 4702 pactisque

393 4699 629 4766 determinata:
654 4699 787 4765 interim
810 4721 895 4787 quae
920 4699 1085 4790 plerisque
1109 4701 1143 4764 in
1166 4698 1244 4767 looia
1268 4704 1463 4790 approbari,
1487 4725 1548 4768 uec
1570 4701 1704 4791 imperii
1731 4699 1785 4766 ll.·.
1808 4701 1890 4768 relra
1915 4702 1962 4768 ari
1985 4725 2064 4769 cnu-

391 4800 477 4868 etat,
501 4787 599 4854 nobit
622 4787 676 4854 hio
698 4787 890 4880 exponenda
915 4806 1036 4874 erunt3,
1053 4790 1111 4857 ubi
1136 4788 1217 4855 hanc
1240 4793 1445 4860 tractationis
1465 4791 1570 4882 legem
1594 4789 1676 4854 milii
1703 4791 1815 4879 posui,
1840 4811 1878 4857 ut
1894 4724 1930 4856 i.
1954 4793 2062 4882 capite

394 4899 547 4970 egerem,
568 4875 611 4944 de
633 4877 733 4945 ratila
753 4878 918 4944 civitatem
943 4879 1116 4946 amittendi
1142 4877 1256 4946 modis.
1282 4879 1320 4945 ln
1346 4881 1508 4968 necundo,
1532 4879 1574 4944 do
1589 4879 1763 4946 amissione
1787 4882 1934 4971 ejusdcm
1951 4883 2061 4971 -jnris,

395 4968 432 5034 in
456 4966 562 5058 rpeoie
585 4989 643 5056 per
666 4965 918 5058 resignationem
943 4968 1159 5035 voluntariam
1184 4979 1284 5058 atque
1308 4967 1464 5058 liberam,
1495 4981 1532 5036 ut
1560 4983 1595 5034 et
1623 4965 1664 5033 de
1691 4967 1816 5056 justitia
1845 4984 1876 5036 et
1906 4967 2063 5040 libertate

397 5057 519 5150 reaigo.
543 5053 583 5122 ln
606 5055 675 5122 tcto
697 5055 819 5145 capite,
841 5054 884 5120 de
908 5059 1054 5146 personia
1077 5057 1334 5148 resignantibus.
1359 5056 1441 5149 Gap.
1467 5059 1524 5146 lto
1546 5057 1587 5125 de
1612 5056 1715 5123 forma
1740 5057 1927 5150 resignandi
1954 5061 2065 5146 jasci-

398 5145 502 5216 riunt.
526 5141 608 5236 Cap.
635 5143 689 5211 5to
710 5143 751 5209 de
774 5143 929 5212 oneribus
953 5149 1192 5238 resignantium
1215 5148 1284 5237 juri
1307 5149 1446 5215 civitatis
1468 5159 1502 5214 et
1524 5146 1658 5214 demum
1685 5146 1720 5212 in
1743 5171 1815 5238 cap.
1840 5147 1896 5212 lito
1918 5145 1961 5214 de
1984 5147 2063 5215 ell'e-

400 5247 454 5306 otn
481 5234 711 5324 resignationis
727 5247 861 5300 tractare
876 5236 1006 5302 animun
1020 5254 1079 5303 est.
1093 5235 1147 5302 Tu
1172 5258 1249 5304 vero
1268 5259 1436 5304 summum
1452 5236 1605 5316 llumen,
1634 5236 1769 5326 spiritua
1785 5238 1834 5304 tui
1852 5235 1977 5304 auxilio
1993 5259 2067 5303 coe·

403 5325 466 5418 ptir
482 5325 593 5395 trtirte
602 5373 613 5404 ,
626 5339 686 5391 tuo
700 5323 823 5392 sustine
838 5322 946 5392 lavore
961 5326 1121 5409 laborem,
1139 5325 1292 5417 viresque
1306 5328 1450 5416 corporis
1464 5327 1586 5419 pariter
1600 5347 1638 5392 ac
1653 5326 1754 5392 animi
1773 5326 1911 5418 largire,
1928 5345 1966 5393 ut
1981 5324 2068 5394 dicta

399 5417 509 5484 omnia
533 5431 632 5506 atque
654 5415 771 5503 scripta
795 5413 831 5478 in
856 5414 908 5480 tui
952 5415 1088 5495 loriam,
1113 5437 1284 5507 meamque
1308 5435 1445 5505 vergant
1466 5415 1614 5484 salutem.
1640 5413 1670 5480 Δ
1694 5427 1727 5481 te
1750 5431 1859 5485 autern
1889 5415 1911 5481 l.
1945 5417 2065 5484 benet.

399 5505 560 5596 judicium
586 5502 787 5572 medentum
810 5515 913 5598 atque
930 5439 1118 5598 laenignum
1142 5505 1297 5579 decenter
1321 5519 1450 5598 exopto.
