4462 6202
205 249 208 255 ·
249 248 338 302 *sort
677 247 725 301 nr
745 245 868 304 vanus
888 245 1086 304 ctvtrarntr
1109 243 1311 299 atttrrnnnt
1331 243 1445 300 monta
1781 249 1855 304 toas
1948 295 1952 304 .

210 353 270 399 anta
289 345 431 398 exclamat:
452 361 468 396 o
487 345 543 411 jura
571 344 800 415 praeclaramque
823 345 952 399 dirinitns
977 349 1031 415 jain
1086 345 1146 408 nia,
1168 343 1323 402 Portunallia
1342 350 1369 395 et
1387 341 1486 406 Gallia,
1506 341 1649 398 hodienum
1668 359 1722 398 aon
1740 343 1805 398 adeo
1824 345 1907 402 inire·

209 431 274 485 inde
291 451 305 485 a
325 431 460 500 principio
480 431 582 482 romani
604 430 722 482 atoaninis
740 450 754 484 a
774 430 920 498 majoribus
935 433 1032 484 nostris
1084 441 1209 497 quentem
1229 445 1286 480 essa
1305 429 1535 496 deportationem,
1554 440 1628 483 notat
1647 431 1733 500 flopp.
1753 431 1778 484 d.
1801 431 1821 484 4.
1847 433 1907 485 ldoo

210 523 370 586 comparata,
390 516 499 583 nequis
518 525 637 568 nostruin
658 517 727 582 ptius,
746 532 823 584 quam
845 516 924 568 unius
942 517 1033 569 cisitu.
1087 527 1113 562 a.
1129 509 1250 563 Bannutn
1270 533 1283 563 a
1302 511 1372 563 letis
1392 510 1477 561 dtatdt
1497 511 1564 562 solet
1582 512 1611 564 in
1626 511 1750 565 donnana
1763 512 1870 579 imperii
1879 523 1907 568 et

210 603 244 658 tlt
263 599 331 652 ciria
347 615 406 650 esse
425 601 522 666 possit.
541 596 607 648 Caua
626 611 701 650 antea
721 597 855 662 dixisset,
874 601 981 652 caeteris
1005 617 1021 652 o
1083 596 1264 663 provinciale.
1281 596 1417 649 Wehner.
1429 595 1485 646 obs.
1495 607 1578 664 praet.
1592 611 1649 646 roc.
1670 597 1754 648 Aoltt.
1776 595 1848 648 Gaii·
1871 595 1906 651 tia

212 685 320 738 mnibus
339 681 446 752 populis
464 697 618 732 eoncessum
638 697 695 731 esse
706 717 713 746 ,
726 692 750 732 ut
764 680 880 748 plurium
895 681 1032 734 civitatum
1073 697 1148 746 -pac-
1157 682 1231 748 palti.
1244 681 1289 733 lid.
1305 681 1331 732 2.
1340 697 1364 732 c.
1379 684 1406 731 1.
1419 680 1558 739 [liudrico
1571 677 1765 742 Reicies-Aelii,
1777 679 1904 732 bannitus

205 767 324 837 *quisque
342 765 409 817 citis
428 772 512 824 esset,
530 779 582 831 qno
601 778 691 814 errore
710 763 819 827 alnetus,
848 763 951 832 pergit,
978 764 1033 817 ridi
1087 775 1141 818 toto
1160 775 1231 817 arcet
1248 763 1373 832 imperio,
1392 781 1422 816 ao
1439 779 1604 834 quocumque
1619 765 1646 814 iu
1658 763 1717 816 luco
1730 763 1839 831 imperii
1854 762 1901 817 du·

209 860 312 920 egomet
330 847 473 899 nonnullos
492 845 634 916 imperitos
654 847 798 912 homiues,
818 859 923 899 nostros
942 848 1033 913 eires,
1086 850 1218 902 micilium
1237 848 1359 902 habuerit
1377 849 1526 912 damnatus,
1543 847 1745 917 emigrationem
1764 847 1902 916 injungit,

211 935 324 990 athenia
341 932 371 984 in
395 947 509 984 nurnero
539 931 660 995 judicum
688 942 775 1000 atque*
794 933 1032 1002 Areopagitarum,
1085 951 1197 1005 eumque
1215 953 1230 987 a
1251 935 1332 986 tutela
1350 932 1419 984 ritae
1436 951 1466 984 ae
1486 933 1616 985 honorum
1635 933 1664 985 in
1684 933 1905 1002 importunostro

211 1034 281 1074 certa
302 1017 393 1078 trihu,
411 1027 484 1068 nerto
503 1031 629 1080 numem;
649 1033 707 1068 curn
728 1017 896 1086 ignorarent,
916 1019 938 1070 si
958 1020 1030 1071 illarn
1086 1020 1216 1073 excludit.
1235 1019 1293 1072 ord.
1305 1026 1458 1086 comperi.
1474 1017 1500 1067 2.
1520 1017 1563 1068 rit.
1580 1019 1607 1068 9.
1624 1013 1648 1086 ᾗ
1668 1017 1693 1068 2.
1710 1015 1904 1086 provinciale,

210 1106 343 1160 ciritatem
364 1112 450 1170 essent
466 1101 573 1170 adepti,
594 1099 659 1154 bano
678 1119 705 1153 se
717 1102 878 1172 perdidisse,
892 1103 944 1155 nisi
959 1113 1031 1173 port·
1085 1105 1208 1158 hannitoa
1228 1114 1330 1156 tantiam
1349 1119 1364 1155 e
1384 1102 1518 1154 territorio
1537 1101 1672 1171 principia
1691 1101 1902 1156 bannientisex·

210 1189 320 1243 liminio
339 1196 556 1256 recuperassent.
576 1189 649 1240 llaec
667 1188 735 1242 itte.
762 1184 907 1243 Confirmat
932 1191 960 1242 id
986 1206 1033 1242 suo
1084 1193 1168 1261 pellit.
1188 1192 1299 1243 interim
1322 1188 1393 1241 nihil
1413 1184 1506 1250 relect,
1526 1197 1616 1238 utrum
1635 1185 1696 1254 quis
1715 1183 1830 1236 hunum
1851 1189 1904 1237 irn-

210 1273 333 1342 exempto
355 1271 518 1340 Pomponius
540 1271 661 1334 Atticus,
681 1272 746 1342 qni,
773 1289 806 1326 ne
830 1274 871 1340 ius
896 1273 968 1326 eicit·
988 1291 1030 1327 ro·
1084 1278 1194 1348 perinte,
1213 1293 1244 1327 an
1264 1274 1425 1344 provinciale
1442 1269 1902 1342 patiatnr3utroqueeninacasuei·

210 1373 304 1412 manae
322 1356 471 1417 amitteret,
491 1355 556 1409 civis
574 1355 739 1408 atheniensis
756 1351 818 1410 fieri
837 1357 931 1410 noluit·
950 1355 1031 1410 Corn.
1084 1365 1193 1415 ritatem
1213 1361 1318 1412 amittit.

210 1442 299 1514 Nepos
318 1442 347 1495 in
364 1441 424 1515 ejus
442 1438 515 1492 rita.
535 1438 652 1493 Notanda
673 1452 758 1493 tamen
778 1441 822 1492 hio
840 1441 914 1493 venit
931 1441 1028 1494 limita·
1119 1455 1140 1510 ς.
1162 1446 1205 1498 24.
1224 1444 1366 1514 delegatio
1387 1443 1472 1497 adhue
1489 1440 1604 1504 obtinet,
1621 1440 1743 1495 adhibita
1758 1448 1844 1493 temen
1861 1442 1903 1496 di·

195 1523 259 1594 ¹tio,
280 1529 332 1580 nisi
352 1527 414 1595 quis
435 1527 462 1576 in
482 1523 543 1576 aliis
562 1523 717 1576 civitatibus
729 1524 794 1578 citis
807 1525 898 1577 eradat
910 1526 1029 1590 ejusdem
1083 1531 1279 1594 stipatione,uu
1294 1531 1322 1582 iu
1336 1538 1500 1598 perpetuum,
1510 1543 1543 1578 au
1557 1543 1619 1580 uara
1631 1527 1667 1579 ud
1677 1537 1779 1595 eeuapuu
1792 1526 1902 1596 “tuguri

209 1612 344 1688 principia
363 1611 404 1664 ret
422 1609 515 1679 papuli
534 1609 640 1663 romani
661 1610 792 1678 regimine
810 1609 954 1677 subjectis,
982 1611 1027 1664 tati
1082 1614 1189 1668 luerint.
1200 1615 1251 1667 Illo
1265 1630 1338 1677 coru,
1350 1613 1476 1681 inprimis
1490 1612 1512 1664 si
1526 1612 1663 1664 accesserit
1675 1609 1820 1680 instigatio,
1833 1611 1899 1664 «tou

209 1701 283 1756 enim
302 1713 363 1750 casu
380 1699 438 1764 jure
455 1695 536 1748 etiarn
554 1713 624 1750 rotn.
641 1697 709 1748 ciria
728 1697 888 1766 reliquarum
907 1699 956 1748 aab
975 1699 1025 1750 ian·
1073 1712 1215 1768 'nunqnam
1229 1697 1355 1749 resersuri
1371 1705 1433 1748 saut
1446 1697 1475 1748 in
1487 1695 1631 1759 civitatens,
1644 1694 1689 1748 sed
1701 1708 1826 1765 perpetuo
1838 1714 1901 1751 eru·

175 1808 181 1816 ·
210 1784 286 1856 perio
307 1797 417 1834 rotuano
435 1778 544 1831 sitarum
564 1779 632 1831 ciria
657 1796 715 1834 esse
742 1791 859 1850 poterat.
880 1782 900 1833 l.
924 1783 968 1834 2¹1.
992 1781 1032 1834 od
1081 1781 1169 1835 ciendi
1184 1783 1276 1842 exilio,
1292 1780 1419 1833 amittere
1430 1779 1563 1831 civitatem
1584 1779 1612 1829 in
1627 1790 1718 1848 aperto
1733 1787 1783 1830 est.
1804 1779 1898 1850 Carpe.

213 1867 341 1934 municip.
356 1867 375 1917 4.
387 1863 412 1916 si
430 1863 492 1934 quir
506 1865 532 1916 7.
545 1863 565 1914 l.
567 1861 631 1934 fitia·
642 1864 686 1915 22.
697 1866 720 1931 ς.
740 1866 897 1934 municipes.
907 1864 948 1934 ff.
968 1867 1028 1919 eod.
1079 1883 1119 1931 pr.
1132 1865 1209 1918 erim.
1224 1885 1250 1934 q.
1265 1863 1326 1915 tto.
1340 1883 1368 1916 n.
1382 1865 1428 1915 ³³.
1447 1863 1496 1915 lin.
1509 1865 1621 1916 Praenes
1642 1864 1671 1915 in
1695 1879 1745 1918 usu
1766 1867 1838 1920 mod.
1854 1867 1898 1936 ff.

210 1953 251 2006 tir.
272 1947 387 2022 ldquod
406 1947 492 1999 adhuo
511 1945 591 1997 hodie
616 1948 697 1998 etiarn
727 1949 831 2001 obtinet
859 1950 886 2002 in
913 1951 1029 2003 subditis
1080 1950 1205 2016 decepit.
1219 1949 1313 2002 dimin.
1326 1950 1348 2014 §.
1360 1949 1387 1999 ⁸.
1400 1957 1426 2000 ct
1440 1949 1465 1998 41.
1486 1948 1538 2000 Aac
1555 1961 1635 2010 caru,
1655 1947 1686 1996 ad
1708 1958 1815 2018 ternpus
1837 1955 1897 2007 sut.

211 2035 350 2090 llelretiae
367 2031 483 2101 quiaque
509 2040 664 2091 contuentur
684 2030 730 2086 ubi
748 2033 826 2085 unius
838 2033 951 2088 diritatis
962 2035 1029 2089 ciris
1081 2035 1197 2106 relegati,
1209 2053 1267 2088 eum
1283 2034 1374 2104 elapso
1393 2033 1440 2085 iilo
1458 2039 1578 2099 tempore
1592 2033 1696 2082 ‘iterun
1717 2032 1744 2083 in
1763 2033 1899 2090 civitatem

213 2121 375 2189 reliquarum
395 2114 475 2169 simut
492 2113 559 2167 ciris
577 2115 683 2170 existit·
703 2115 749 2169 ste
772 2117 872 2170 ddttiler
891 2119 920 2168 in
941 2127 1029 2188 procl.
1082 2121 1171 2172 redire
1186 2121 1338 2188 possint,ae
1352 2119 1460 2171 durante
1474 2116 1554 2168 etiarn
1570 2115 1729 2184 relegatione
1740 2121 1828 2169 omnia
1842 2123 1900 2186 jura

212 2202 382 2274 reujiueus.
397 2201 477 2253 resoi.
491 2201 537 2254 48.
549 2217 578 2254 ιι.
592 2200 638 2256 14.
652 2217 725 2270 seqq.
742 2211 859 2262 testatur,
872 2203 944 2253 idam
961 2202 1029 2272 juris
1081 2205 1110 2256 in
1124 2222 1153 2256 ea
1165 2203 1269 2258 civitate
1283 2204 1374 2255 relicta
1391 2203 1522 2255 retineant
1542 2200 1642 2267 integra
1662 2209 1741 2265 atque
1760 2201 1858 2255 illaesa.
1882 2204 1900 2255 4.

210 2308 270 2345 esse
289 2293 361 2343 iuter
380 2285 555 2339 Dantiseanos
574 2295 601 2340 at
619 2283 825 2349 Tborunenses,
841 2283 1030 2341 Beroiiueuses
1081 2289 1107 2341 4.
1119 2291 1183 2342 et‘l.
1195 2289 1218 2355 §.
1233 2285 1301 2355 Μ.
1322 2287 1354 2340 de
1374 2283 1470 2338 interd.
1488 2293 1515 2338 et
1540 2285 1620 2350 releg.
1638 2291 1665 2334 et
1684 2286 1776 2336 saltem
1796 2300 1851 2341 actu
1869 2287 1898 2341 in

212 2387 238 2429 et
255 2373 448 2437 colonienses,
467 2369 518 2433 ita,
536 2377 565 2424 ut
583 2369 651 2423 ciris
668 2369 828 2422 coloniensis
856 2373 924 2437 juret
947 2373 1027 2427 simui
1081 2370 1188 2426 civitate
1205 2370 1363 2424 commorari
1383 2367 1585 2437 prohibeantur,
1604 2367 1659 2417 imo
1679 2383 1727 2436 per
1745 2381 1900 2435 procurato·

197 2458 315 2512 'senatui
336 2455 497 2510 berolineusi
517 2464 545 2506 et
562 2453 618 2506 sice
637 2470 727 2517 tersa,
746 2453 813 2505 salsa
833 2464 919 2508 tamen
939 2459 1028 2523 ouius·
1082 2471 1136 2508 rem
1156 2454 1208 2508 irni
1228 2455 1330 2526 possint
1347 2453 1450 2520 iuribus
1468 2451 1601 2515 civitatis,
1621 2451 1689 2520 quod
1710 2467 1783 2504 secus
1809 2463 1849 2505 est
1867 2456 1898 2511 iu

211 2560 262 2610 que
282 2551 391 2620 senatus
411 2536 612 2606 jurisdictione,
631 2534 667 2588 uti
688 2547 758 2606 patet
776 2551 808 2590 ex
829 2537 918 2591 rerhia
941 2544 1028 2607 cupu-
1081 2539 1235 2612 deportatis.
1253 2539 1330 2592 Goni.
1349 2539 1475 2608 Carpaor.
1491 2555 1518 2604 p.
1539 2535 1564 2589 4.
1584 2553 1607 2589 c.
1626 2535 1668 2586 i'l.
1688 2537 1742 2606 dees.
1762 2537 1787 2588 a.
1812 2538 1899 2590 Rich·

211 2629 271 2678 darn
292 2625 362 2695 pacti
381 2623 422 2676 ael
441 2623 539 2686 statuti,
560 2621 672 2676 Alendr
693 2639 731 2676 on
751 2623 800 2676 der
821 2623 929 2694 Vigilen
950 2623 1031 2678 Petri
1082 2635 1131 2679 ter.
1149 2641 1178 2691 p.
1197 2625 1223 2676 2.
1240 2627 1298 2679 dec.
1317 2625 1361 2676 13.
1381 2641 1408 2674 ιι.
1425 2623 1469 2674 at.
1486 2639 1558 2692 seqq.
1574 2623 1703 2673 inrisisse
1721 2625 1761 2686 ius
1780 2624 1900 2678 atdraus

211 2716 270 2767 rand
290 2709 467 2766 Paulianae
482 2707 562 2759 ttae.
575 2706 632 2761 ihi:
653 2708 703 2760 der
713 2709 756 2761 ein
770 2709 880 2779 Biia-ger
890 2727 921 2761 nu
934 2708 1031 2762 Berlin
1082 2709 1136 2761 diei
1158 2728 1210 2763 non
1231 2723 1347 2778 possunt,
1368 2709 1446 2762 modo
1465 2727 1517 2762 non
1536 2725 1569 2761 ex
1587 2726 1660 2760 cansa
1676 2707 1772 2760 lamosa
1785 2709 1850 2761 iacta
1864 2711 1902 2764 sia

210 2793 503 2857 ist.sollataelaltnden
518 2791 823 2862 dicBairgcrtcltnfflnu
845 2793 945 2856 cotta,
971 2793 1029 2848 des·
1082 2795 1216 2861 relegatio.
1234 2811 1291 2864 urg.
1311 2794 1330 2846 1.
1349 2793 1391 2847 22.
1401 2792 1443 2862 ff
1462 2795 1496 2847 rie
1513 2794 1570 2857 dir,
1589 2793 1704 2861 arsinoi.
1722 2792 1819 2863 infans.
1839 2796 1900 2850 ideo

213 2882 394 2955 gleiclrenein
411 2879 561 2950 Biirgernu
585 2880 684 2942 Colla,
704 2881 758 2932 roll
779 2882 848 2932 nacla
874 2879 962 2934 lenden
988 2881 1031 2936 die
1082 2894 1110 2934 et
1126 2883 1158 2932 ab
1177 2879 1322 2933 honoribus
1341 2893 1416 2948 atque
1433 2877 1552 2943 cottepiia
1571 2879 1699 2932 removeri
1720 2895 1772 2930 nota
1800 2877 1900 2931 debent

212 2963 419 3037 Bdrgerrodnffl
435 2985 467 3019 au
481 2963 583 3017 Berlin.
596 2965 705 3017 mutter.
720 2965 746 3017 d.
758 2965 777 3016 l.
797 2963 870 3017 licet
887 2964 957 3017 aliud
976 2984 1031 3018 mo·
1083 2975 1159 3034 prout
1180 2963 1419 3034 praejmheiishoc
1445 2958 1587 3014 confirmat
1613 2960 1737 3029 cupane.
1764 2965 1789 3014 d.
1815 2973 1902 3016 coust.

212 3055 250 3106 ris
269 3051 350 3106 luerit
371 3051 440 3121 apud
460 3049 647 3112 Athenienses,
668 3048 795 3110 lihndios,
814 3048 1031 3104 Lacedaemonios
1084 3046 1126 3098 i'l.
1142 3066 1170 3100 ιι.
1183 3049 1228 3098 44.
1241 3059 1360 3110 etproac.
1372 3045 1451 3100 crim.
1463 3065 1488 3114 q.
1502 3046 1565 3096 130.
1584 3061 1609 3095 n·
1634 3043 1678 3096 dt.
1697 3040 1903 3114 astruendae

170 3195 173 3200 ,
211 3149 239 3192 et
256 3139 331 3202 alins,
351 3136 397 3189 nbi
418 3133 561 3186 traditarum
581 3133 719 3183 civitatum
740 3131 980 3184 diversissimarum
993 3133 1030 3188 ei·
1076 3134 1144 3207 jure
1156 3145 1267 3185 merear.
1279 3131 1322 3184 tit.
1336 3131 1360 3185 4.
1373 3149 1433 3199 cup.
1450 3133 1473 3181 4.
1488 3149 1516 3181 ιι.
1529 3129 1572 3182 23.
1586 3145 1658 3198 seqq.

208 3227 256 3274 ιιι
274 3237 331 3276 esse
349 3227 483 3290 poterant.
502 3213 559 3268 Cic.
574 3230 626 3281 pro
640 3215 724 3267 Corn.
738 3213 838 3278 Berlin,
859 3225 887 3266 et
906 3215 1032 3285 patricios
1120 3224 1142 3280 ς.
1161 3217 1203 3271 id.
1223 3215 1373 3286 Aliquando
1390 3231 1497 3267 exosam
1517 3211 1583 3266 iilud
1602 3202 1898 3281 relegationis-omitti·

212 3323 264 3359 non
284 3321 343 3358 raro
363 3305 473 3356 duarura
493 3299 630 3351 civitatum
657 3297 737 3349 sitnul
765 3299 835 3350 eires
856 3308 884 3350 et
906 3301 1032 3369 patricios
1086 3311 1128 3357 tur
1148 3296 1663 3370 nomen,etsimpliciter,praeprimis
1681 3295 1904 3368 humanioribus,

212 3393 346 3454 existere,
365 3387 449 3442 tradat
468 3387 562 3437 Draco.
574 3383 677 3454 dejure
688 3381 818 3452 patrios.
832 3383 894 3435 2441.
906 3402 962 3456 req.
974 3387 1029 3437 ea.
1084 3387 1248 3456 injungitur,
1263 3397 1288 3438 nt
1301 3385 1435 3438 civitatem
1457 3385 1596 3446 deserant,
1611 3383 1676 3435 hona
1689 3398 1733 3432 atu
1747 3381 1901 3444 divendant,

216 3473 273 3525 imo
293 3484 320 3527 et
339 3471 465 3533 incolas,
483 3469 606 3536 civesque
623 3465 799 3524 boatorarios.
827 3466 980 3521 Aruinaeus.
1001 3469 1035 3522 de
1084 3487 1115 3524 ac
1134 3473 1161 3522 in
1180 3471 1260 3523 aliurn
1281 3470 1365 3522 locum
1384 3486 1412 3521 ae
1430 3465 1571 3519 coniurant.
1591 3467 1659 3517 Mer.
1679 3463 1718 3516 nd
1726 3463 1775 3538 jus
1790 3465 1844 3518 lud.
1856 3465 1905 3518 nt.

213 3557 317 3626 repuli.
336 3573 360 3608 c.
380 3555 405 3608 4.
423 3563 485 3607 rect·
509 3557 536 3604 7·
559 3568 585 3604 rt·
612 3551 636 3603 9·
662 3549 848 3604 communiter
871 3563 958 3604 tamen
985 3554 1034 3608 hoe
1089 3559 1113 3608 t.
1125 3557 1166 3608 tir.
1179 3557 1205 3606 4.
1218 3565 1269 3610 arr.
1283 3556 1307 3608 a.
1321 3575 1349 3607 u.
1361 3553 1405 3605 28.
1424 3553 1519 3623 Qualia
1539 3552 1661 3619 exempta
1680 3551 1708 3600 in
1728 3549 1844 3600 subditis
1863 3566 1904 3601 se·

215 3657 272 3692 non
292 3639 373 3692 licere
391 3638 498 3699 dicunt,
517 3635 553 3688 ob
574 3629 657 3686 iidem
687 3635 769 3703 priori
796 3637 901 3688 civitati
925 3637 1033 3688 datnma
1085 3638 1193 3690 ditioris
1211 3648 1237 3691 et
1263 3639 1439 3698 turbulentis,
1459 3636 1576 3688 dominis
1603 3635 1660 3687 auis
1687 3630 1901 3698 refragantibus,

217 3724 287 3776 sieut
308 3725 381 3777 enim
401 3720 529 3774 vassallus
548 3735 601 3772 noo
622 3729 704 3787 potest
722 3719 863 3788 posteriori
882 3717 1033 3773 dominati·
1086 3722 1234 3792 vicinisque
1253 3738 1381 3791 gravasse
1399 3719 1592 3773 exhibentibus
1605 3727 1668 3781 ,ant
1689 3714 1797 3769 servitia
1815 3713 1905 3767 debita

216 3807 276 3862 dena
298 3807 362 3860 dare
380 3809 408 3859 in
420 3804 619 3876 'praejttdiciurn
639 3802 747 3874 prioris,
767 3805 850 3855 multo
870 3806 956 3857 minus
969 3805 1035 3858 ciris
1087 3817 1221 3874 praestare
1239 3805 1388 3858 nolentibus
1408 3819 1436 3856 se
1454 3805 1565 3863 sistant,
1581 3799 1686 3852 Berlinlt
1709 3817 1735 3864 p.
1750 3801 1775 3849 4.
1789 3795 1845 3852 dec.
1858 3797 1903 3850 lili.

215 3893 334 3946 noudum
354 3894 454 3944 soleatus
473 3910 487 3942 a
508 3891 591 3960 priori
609 3889 734 3942 civitate.
755 3887 857 3940 Deinde
876 3889 957 3942 etiam
976 3907 1034 3942 curn
1089 3909 1115 3942 n.
1129 3891 1156 3940 7.
1169 3887 1261 3958 Carpz.
1280 3906 1307 3950 p.
1323 3889 1348 3940 2.
1361 3905 1385 3940 c.
1399 3887 1442 3938 52.
1456 3885 1512 3957 eles.
1528 3886 1570 3936 tn.
1583 3885 1613 3936 ln
1634 3883 1776 3936 academiis
1797 3883 1840 3934 hic
1854 3901 1907 3934 mu·

216 3975 332 4028 duorum
353 3989 492 4044 corporum
513 3982 542 4024 ut
561 3971 630 4025 idem
653 3971 802 4025 membrum
822 3973 877 4035 sit,
895 3989 943 4042 per
961 3983 1035 4033 natu·
1088 3975 1315 4043 duarelegntionis
1330 3972 1487 4028 mitiordioi
1501 3967 1904 4024 consueritconriliumobeun-

216 4077 272 4112 ram
293 4055 353 4112 lieri
374 4073 427 4111 non
447 4067 546 4126 potest,
566 4067 594 4108 ut
612 4057 641 4108 iu
662 4057 776 4126 plauitna
795 4053 885 4109 uilicia
912 4057 1033 4110 distracti
1087 4059 1130 4121 di,
1150 4058 1252 4129 imponi
1279 4057 1386 4110 solitum
1414 4059 1469 4108 illis
1497 4055 1636 4117 studiosis,
1654 4051 1700 4122 qui
1726 4053 1765 4102 ael
1791 4067 1903 4119 poenam

214 4159 318 4204 sertam,
337 4143 400 4194 darn
421 4143 519 4195 nullius
540 4143 683 4210 imperium
703 4140 862 4204 exaudiunt,
884 4157 931 4192 nec
952 4143 980 4193 in
997 4151 1034 4194 tot
1088 4142 1253 4210 relegationis
1271 4143 1387 4195 nondum
1408 4141 1472 4193 satis
1498 4147 1716 4210 promeruerunt,
1736 4135 1844 4187 iuterim
1866 4147 1905 4185 ta·

215 4222 366 4278 iuuetioaes
384 4241 440 4278 sese
459 4225 611 4293 discerpere
628 4233 672 4274 aut
694 4225 784 4293 partiri
800 4235 919 4294 possunt,
935 4225 974 4277 sel
987 4227 1036 4278 sub
1088 4243 1147 4282 men
1167 4247 1214 4282 suo
1235 4230 1305 4282 ritae
1324 4245 1419 4297 genera
1438 4227 1588 4280 scandalum
1609 4233 1686 4290 atque
1705 4217 1904 4273 incommodum

213 4311 271 4379 ipsa
291 4327 430 4379 operarum
453 4309 625 4362 rntdtitudine
644 4309 832 4372 succumbant,
858 4311 897 4362 ael
921 4312 1036 4379 objecto·
1088 4313 1197 4367 caeteris
1216 4315 1378 4384 praebuere,
1393 4313 1434 4365 tel
1453 4311 1583 4381 «lignitate
1601 4304 1836 4376 aliqnaeougenita
1852 4302 1906 4370 poi·

215 4411 273 4447 rum
295 4396 323 4446 in
343 4395 504 4447 contrarium
525 4392 714 4462 recipientium
729 4395 827 4445 nudnis
845 4394 940 4462 pugnis
954 4395 1035 4447 inter·
1087 4399 1150 4451 ient.
1171 4397 1242 4452 Alias
1262 4400 1363 4452 literius
1382 4397 1414 4450 ad
1426 4399 1477 4469 jur
1493 4397 1575 4448 latice.
1596 4393 1641 4445 lid.
1664 4397 1687 4442 4.
1708 4393 1749 4441 tit.
1772 4390 1797 4439 4.
1810 4399 1862 4440 err.
1877 4389 1903 4437 u.

214 4478 380 4531 moriautur.
400 4479 552 4530 Arnmaeus.
571 4479 596 4529 d.
621 4477 639 4528 l.
657 4495 684 4529 ιι.
704 4475 750 4530 ult.
772 4475 798 4526 id
818 4475 886 4544 quod
905 4479 1035 4547 approbat
1088 4503 1115 4536 u.
1131 4485 1173 4536 26,
1188 4487 1238 4538 huc
1258 4483 1424 4538 referundam
1444 4497 1500 4534 esse
1518 4480 1600 4541 dicit,
1614 4493 1722 4547 poenam
1743 4475 1815 4524 iliata
1839 4487 1905 4522 non·

215 4559 347 4633 Knipseh.
367 4573 503 4633 postquam
523 4562 568 4614 diu
588 4579 636 4632 pro
653 4571 681 4616 et
698 4571 789 4613 contra
817 4562 919 4631 prolixe
944 4560 1033 4615 admu-
1090 4569 1170 4621 nautia
1189 4569 1217 4620 tu
1243 4569 1310 4621 tucis
1334 4567 1546 4620 detaeetutueiuuu
1573 4580 1710 4615 fututorum
1738 4557 1903 4626 publicarum

216 4645 483 4714 dumquaettinnetn,
499 4665 535 4700 an
552 4647 907 4700 etanaduaruuu'aaatam
920 4647 1035 4713 velplu·
1088 4653 1181 4706 dietari
1206 4653 1327 4712 solitam,
1354 4651 1524 4703 amissionem
1559 4667 1655 4714 netnpe
1682 4643 1852 4696 habitationi!
1879 4647 1907 4689 ri

215 4728 285 4781 rium
300 4730 495 4798 imperialium,
509 4729 550 4782 rel
562 4731 643 4782 eriam
661 4729 779 4798 alicujus
796 4729 943 4796 imperialis·
956 4742 982 4782 et
995 4731 1035 4785 al·
1088 4737 1217 4788 domicilii
1236 4737 1264 4787 in
1284 4735 1364 4797 urbe,
1382 4721 1442 4788 cum
1459 4733 1586 4803 indiguus
1605 4731 1639 4784 sit
1660 4728 1904 4782 commodauerat

215 4811 301 4862 terius
316 4811 506 4878 municipalis,
519 4812 575 4866 aire
588 4811 718 4866 territorii
728 4813 834 4866 domini
845 4815 915 4868 civia
930 4825 957 4866 et
975 4816 1034 4867 rud·
1087 4819 1188 4881 ciuilis,
1201 4819 1248 4889 qui
1259 4827 1363 4870 recusae
1378 4835 1450 4872 onias
1464 4817 1549 4869 civile.

214 4897 473 4962 ditaresrepoasit,
492 4897 653 4950 ventilasset.
671 4899 717 4950 lid.
736 4899 761 4952 d.
785 4899 818 4952 de
842 4900 911 4953 cinit.
938 4899 1036 4968 imper.
1123 4901 1145 4975 5.
1164 4905 1208 4955 dd.
1228 4901 1372 4956 Succedunt
1393 4903 1421 4952 in
1440 4911 1614 4971 perpetuum,
1638 4896 1677 4949 od
1699 4897 1837 4956 triremes,
1858 4893 1905 4947 vri

213 4995 270 5049 cap.
284 4979 328 5030 141.
343 4997 370 5030 n.
387 4981 449 5030 liii.
462 4995 533 5051 seqq.
1088 5009 1157 5059 opus
1166 4989 1303 5059 publicum
1316 4983 1460 5050 damnari,
1482 5002 1562 5056 quos,
1582 4986 1650 5038 sicut
1671 4995 1692 5036 et
1712 4995 1769 5033 atae
1787 4983 1838 5048 jam
1861 4997 1903 5031 ro·

252 5069 272 5122 i·
292 5063 337 5112 23-
360 5062 410 5114 Sed
429 5080 551 5130 quorsum
567 5063 663 5130 dunin,
684 5065 713 5117 in
738 5065 850 5120 circulos
870 5067 1034 5123 redeundum
1074 5071 1202 5125 ¹censitos
1220 5070 1352 5123 civitatem
1372 5069 1511 5133 amittere,
1532 5085 1619 5122 assero
1639 5066 1728 5138 orgi.
1748 5067 1774 5117 8.
1792 5061 1815 5134 5
1830 5059 1903 5131 ⁸·ff·

215 5161 272 5211 est,
286 5145 407 5200 narratio
420 5145 554 5216 hucusque
574 5149 728 5212 suedorum,
744 5151 840 5224 quibua
859 5153 900 5218 jus
918 5153 1035 5208 enitatis
1086 5155 1120 5209 cie
1129 5173 1211 5221 poen.
1223 5156 1242 5207 l.
1255 5155 1300 5207 47.
1314 5160 1336 5216 §-
1352 5155 1376 5204 4.
1380 5151 1423 5220 ff
1436 5150 1497 5206 eod.
1517 5151 1570 5203 lin.
1591 5151 1699 5204 Praeses
1717 5151 1746 5200 in
1765 5164 1817 5201 aru
1831 5143 1904 5196 mod.

215 5234 284 5299 apud
305 5235 446 5292 itomanos,
456 5234 632 5298 amittebatur,
652 5243 789 5304 nitrumque
803 5237 924 5304 paginarat
939 5238 1035 5308 imple·
1077 5237 1120 5308 ff.
1133 5241 1166 5292 de
1176 5238 1254 5306 capit.
1264 5235 1361 5290 diensis.
1375 5243 1397 5300 ς.
1411 5238 1436 5288 7.
1449 5234 1507 5288 Non
1523 5245 1610 5287 tamen
1623 5234 1741 5286 eamdem
1757 5232 1783 5284 in
1797 5229 1906 5282 darona·

218 5317 273 5377 ait,
292 5321 344 5384 jam
366 5317 397 5370 sd
417 5317 559 5370 hodiernos
579 5335 665 5370 mores
691 5318 786 5370 ordine
812 5320 1034 5388 progrediendum
1090 5327 1124 5376 tis
1144 5325 1175 5375 ad
1197 5335 1299 5392 tempus
1317 5338 1376 5374 esse
1394 5321 1522 5374 rationem
1550 5319 1684 5372 existima.
1704 5333 1760 5386 arg.
1782 5315 1809 5368 d.
1832 5315 1849 5367 4.
1875 5317 1902 5368 8.

215 5410 268 5452 est:
288 5401 333 5452 uhi
353 5401 445 5452 statim
465 5403 498 5454 ab
519 5403 599 5455 initio
619 5405 762 5454 notandum
782 5405 872 5466 venit,
893 5407 920 5456 in
947 5406 1034 5460 locum
1088 5407 1209 5475 nihilque
1233 5406 1335 5476 adjurat
1360 5405 1431 5476 ipsos
1450 5405 1530 5457 hodie
1547 5405 1651 5472 antiqua
1679 5404 1723 5453 illa
1751 5401 1904 5478 dillereutila

215 5485 408 5554 deportationis
428 5487 508 5540 hodie
527 5489 683 5541 successisse
693 5502 812 5554 poenam
833 5489 1035 5562 duernissarpa.
1090 5492 1160 5544 iuter
1179 5487 1373 5544 damnationem
1395 5491 1509 5556 inopus
1535 5487 1634 5540 metalli
1660 5497 1684 5538 et
1704 5485 1901 5538 alansnationem

218 5569 243 5620 d.
259 5571 284 5620 3.
304 5591 332 5641 q.
353 5571 415 5624 440.
438 5591 457 5623 ιι
477 5571 519 5623 tt.
542 5573 631 5641 ttopp.
649 5571 936 5639 assentiemur.
956 5574 1034 5628 dimi·
1089 5579 1200 5646 inopus
1220 5575 1363 5646 pubiicum.
1382 5573 1427 5628 dd.
1446 5574 1473 5626 ll¹
1494 5573 1538 5626 ubi
1565 5572 1638 5640 prior
1662 5588 1744 5640 poena
1765 5571 1857 5622 ‹iurior
1876 5577 1904 5619 rt

216 5667 275 5710 aar.
296 5657 414 5710 ΔιΙιιιὶιιο
433 5659 460 5711 1ιι
479 5657 624 5710 Germania
644 5670 669 5712 et
689 5656 807 5723 Palania,
821 5671 881 5709 uam
896 5659 924 5709 in
940 5659 1034 5730 Hispa·
1088 5662 1209 5716 servilior
1226 5671 1297 5727 erat,
1311 5661 1374 5712 haec
1394 5659 1533 5712 honestior
1549 5667 1628 5723 atque
1642 5655 1741 5708 mitior.
1756 5653 1844 5722 Ctrjae.
1856 5653 1902 5706 lib.

312 5741 415 5814 Stry-lii
435 5745 496 5798 Vol.
521 5745 588 5796 VII.
1591 5740 1627 5791 tili
