4510 6214
388 267 443 324 &ii
934 261 1119 319 Bidi’iffl'i.
1139 259 1345 316 11101Ρυῖ
1365 260 1413 319 lll.
1903 256 1959 311 840

336 355 414 408 ieude
433 354 469 409 sit
487 355 587 414 decisio
605 357 673 428 iuria
691 373 748 412 ceu.
768 357 797 414 ln
815 377 838 414 c.
855 375 918 413 noo.
938 359 1009 412 iicet.
1024 360 1048 411 2.
1067 360 1093 412 d·
1109 359 1150 410 1⁰.
1173 386 1177 418 ,
1200 357 1246 412 iile
1257 355 1469 428 ucpdsoyuudrnr
1483 359 1562 414 Deus.
1574 352 2015 430 ooni.d15i.abilisreub.isypur·

283 437 317 490 to
334 441 402 510 quud
421 459 473 494 uon
488 443 563 499 licent
573 445 729 514 imperatori
746 446 786 498 sei
797 446 918 514 cuiquam
931 445 1055 513 pietatem
1066 455 1150 498 custo·
1173 419 1177 450 Ι
1199 443 1300 497 circle.
1314 445 1355 496 11.
1369 442 1451 516 517.
1465 445 1565 497 1819.

335 525 420 578 dieuti
438 527 540 596 aliquid
558 542 646 582 contra
665 526 756 580 dirius
776 529 896 580 scandata
911 543 1087 596 praesumere,
1101 541 1151 579 nee
1237 527 1269 577 ts
1282 545 1340 580 cunt
1355 527 1400 579 hic
1411 545 1499 581 serruo
1511 531 1547 580 sit
1560 528 1593 580 de
1605 543 1684 591 casu,
1697 524 1742 578 ubi
1759 523 1897 594 epistalme
1910 539 2011 576 moram
2032 531 2073 586 ω

333 609 487 678 quidquam,
505 616 573 683 quod
593 613 750 682 evengelicis
766 612 932 684 propheticis
944 622 985 664 aut
997 613 1151 682 apostolicis
1197 620 1223 660 et
1236 609 1390 665 dilutionem
1404 631 1457 665 nou
1471 611 1521 666 iert
1534 613 1568 666 ob
1582 611 1725 680 praecisam
1744 606 1853 678 parendi
1872 607 2013 661 uecessitu-

282 683 314 736 ttt
336 697 433 766 regulis
451 696 549 766 obsint,
567 717 651 770 agere.
665 699 730 751 Nam
743 697 850 751 etiarnsi
864 697 903 752 sel
915 699 1032 750 marinae
1042 713 1151 767 expres·
1198 699 1258 757 tem,
1273 694 1339 746 iliud
1359 695 1443 748 adbuc
1467 705 1589 764 superest
1608 693 1773 748 enodnndum
1792 689 1921 752 dubium,
1946 685 2012 770 quid

335 781 387 832 sim
406 780 557 835 obedientia
577 782 709 852 promissa
728 779 831 845 luisset,
850 780 978 850 restringi
998 789 1085 834 tamen
1104 777 1149 831 de·
1197 774 1368 843 agendumeo
1381 795 1441 831 casn
1456 773 1575 841 officiali,
1589 793 1633 830 sen
1646 774 1687 829 cni
1700 773 1829 845 epitegma
1841 771 2013 840 injunctum,

336 865 380 918 bet
398 864 442 917 ilia
461 867 493 920 ad
514 867 634 922 mandata
653 866 726 919 licita
745 877 769 918 et
786 865 838 934 juri
857 874 884 918 et
902 863 997 918 rationi
1019 875 1046 917 et
1062 861 1149 931 sequi·
1196 872 1255 911 eum
1270 877 1321 912 non
1335 859 1427 913 debeat
1437 861 1530 931 exequi
1546 861 1703 924 mandatum,
1716 877 1748 911 en
1761 852 1854 910 officio
1864 855 1953 926 potius
1963 867 2011 905 sno

335 951 384 1004 tuti
399 967 525 1004 consona.
544 951 619 1006 Costa
637 949 734 1004 consil.
751 949 795 1002 48.
807 967 835 1002 ιι.
847 950 874 1000 d.
885 958 913 1003 et
926 948 969 1000 141.
980 946 1086 1019 Optime
1099 947 1150 998 ime
1195 946 1367 1010 renunciare,
1382 945 1436 998 imo
1450 955 1561 998 mortem
1578 955 1812 1016 praesentaneam,
1830 940 1854 992 ai
1879 937 1938 992 scil.
1959 933 2009 989 sub

335 1033 401 1087 iecit
419 1044 551 1088 assertum
571 1037 606 1090 11.
624 1033 704 1087 Grot.
721 1031 818 1106 dejur.
831 1033 892 1088 tett.
904 1043 931 1084 et
939 1051 967 1100 ρ.
980 1032 1000 1084 i.
1012 1034 1036 1084 1.
1050 1048 1073 1084 c.
1086 1029 1112 1080 4.
1125 1034 1148 1091 ς.
1196 1026 1273 1094 hujus
1285 1029 1493 1083 comminatione
1511 1029 1646 1096 negotium
1660 1027 1818 1096 injunctum,
1832 1023 1921 1093 potius
1932 1019 2011 1076 obire

337 1121 362 1168 1.
380 1137 407 1170 ιι.
427 1117 474 1172 uit.
493 1119 564 1188 epud
576 1135 670 1171 omncs
689 1118 782 1184 honus,
803 1117 936 1188 inquiens,
952 1125 1027 1169 extra
1044 1123 1150 1167 contro·
1195 1108 1339 1164 obstrictus
1351 1114 1402 1178 sit,
1415 1130 1493 1182 quarn
1508 1115 1558 1166 tale
1568 1113 1706 1183 epistaima
1720 1107 1834 1180 exequi?
1847 1110 1916 1164 Seue
1928 1116 1953 1160 et
1964 1122 2012 1158 uc·

335 1201 446 1254 versiam
466 1212 524 1268 est,
550 1203 572 1254 si
597 1202 663 1271 quid
688 1203 823 1272 imperent
848 1216 980 1254 summum
1005 1198 1148 1270 imperium
1197 1201 1250 1244 stra
1265 1203 1382 1264 ternpore
1394 1197 1513 1267 exempla
1528 1197 1680 1264 hujusmodi
1693 1195 1824 1249 horrende
1835 1190 2015 1263 suppeditant,

334 1284 460 1338 hebentes
479 1287 590 1340 neturaii
610 1285 663 1352 jari
682 1296 728 1339 sut
746 1284 847 1338 divinis
873 1283 1022 1356 praeceptis
1046 1291 1151 1336 contra·
1198 1289 1224 1329 ut
1237 1279 1348 1346 proinde
1361 1297 1413 1332 non
1432 1279 1560 1332 absonum
1574 1278 1703 1343 sideatur,
1716 1279 1764 1330 hoc
1776 1275 1886 1329 dubium
1900 1273 1944 1327 hie
1955 1284 2012 1326 tau·

334 1367 413 1432 rium,
433 1386 485 1420 nnn
499 1387 557 1422 esse
569 1369 729 1433 iaciendum,
742 1368 811 1440 quod
825 1369 927 1438 jubent.
939 1367 1004 1422 iiam
1019 1365 1149 1438 Apostoli,
1196 1377 1266 1430 gere.
1288 1363 1417 1434 Equidem
1437 1363 1508 1436 quod
1529 1361 1768 1418 renunciationem
1786 1356 1878 1432 officii
1896 1358 2012 1424 attinet,
2029 1363 2069 1415 419

333 1464 392 1499 curu
411 1448 554 1516 dixerunt,
576 1453 632 1505 Deo
652 1453 735 1521 magia
752 1471 830 1523 quam
849 1454 1004 1507 hominihus
1021 1469 1078 1504 esse
1089 1453 1150 1503 ohe·
1197 1447 1285 1499 minor
1303 1450 1370 1500 ratio
1383 1447 1521 1501 dubitandi
1534 1449 1642 1500 subesse
1653 1447 1770 1507 ridetur:
1784 1461 1842 1496 cnm
1857 1444 1920 1496 hsec
1930 1445 2012 1512 jectu·

334 1533 512 1600 diendurn,ad
524 1539 699 1590 certissimam
710 1550 885 1608 provocarunt
899 1541 1015 1608 regulum
1028 1539 1149 1590 omnium
1196 1549 1224 1585 ra
1237 1551 1315 1602 aeque
1332 1545 1420 1587 mente
1431 1533 1558 1588 sustineri
1571 1534 1600 1586 in
1616 1535 1726 1602 gloriam
1741 1533 1790 1584 liei
1811 1529 1917 1593 debeat,
1934 1544 2012 1582 creu-

334 1619 491 1686 inscriptam
510 1620 652 1674 cordibus.
671 1622 743 1674 coni·
763 1623 789 1674 b.
808 1621 853 1674 dn.
872 1623 1019 1677 Brnunem.
1030 1622 1089 1695 jur.
1108 1637 1149 1671 ee·
1199 1626 1275 1688 tuque
1290 1619 1393 1670 meliori
1408 1635 1484 1689 saepe
1497 1617 1601 1688 pensari
1616 1617 1715 1670 soleat.
1735 1615 1833 1668 Notatn
1848 1613 1958 1680 dignum
1973 1622 2016 1668 est
2032 1616 2071 1668 cc

280 1679 316 1731 ω
333 1703 393 1757 cies.
407 1703 453 1756 tit.
466 1706 526 1757 1.c·
541 1705 568 1754 2.
580 1713 602 1766 ς.
618 1705 660 1756 itt.
673 1703 737 1774 ins.
757 1705 884 1758 Esmdem
903 1707 1061 1758 senteutiam
1083 1701 1147 1752 iiiu-
1198 1703 1465 1771 exemplumquod,
1478 1703 1524 1774 qui
1543 1719 1557 1753 e
1574 1702 1656 1754 latere
1674 1699 1807 1769 principis
1824 1706 1899 1762 sunt,
1920 1697 2016 1751 meritc

332 1799 396 1842 strat
413 1787 524 1842 Grotius
543 1787 562 1840 4.
580 1787 606 1837 2.
622 1805 647 1840 o.
673 1789 717 1840 28.
738 1793 762 1850 ς.
780 1789 806 1840 ii.
831 1787 951 1858 pluribus
968 1787 1101 1854 esernplis
1123 1795 1147 1838 et
1198 1783 1296 1839 intueri
1315 1785 1399 1852 debet,
1417 1785 1485 1854 quod
1504 1801 1538 1838 ex
1556 1785 1650 1839 rraoc.
1663 1783 1736 1840 Vinii
1747 1783 1814 1836 thesi
1826 1797 1926 1836 comm.
1939 1783 2015 1850 opin-

331 1873 512 1936 iestirnouiis,
531 1873 677 1926 ostendens
696 1891 724 1925 ιι.
744 1872 770 1923 8.
789 1872 848 1940 ipsa
871 1873 929 1939 jura
946 1870 1036 1923 cisiiia
1062 1867 1148 1921 t‘asere
1194 1869 1261 1923 128.
1280 1889 1308 1923 n·
1323 1871 1365 1923 10,
1379 1880 1405 1923 et
1419 1873 1463 1922 11.
1481 1869 1592 1922 adducit
1611 1867 1706 1938 Myler.
1726 1867 1759 1919 ab
1777 1865 1946 1920 liltrenbaels.
1970 1868 2017 1938 isy-

331 1957 438 2027 quidesu
459 1957 512 2021 his,
529 1957 576 2025 qui
596 1971 688 2026 parere
705 1953 1147 2024 uecesseirabent,persuprocit.
1193 1956 1290 2024 parci.
1315 1973 1336 2008 e,
1357 1959 1404 2008 11.
1421 1953 1444 2027 5.
1465 1955 1507 2008 16.
1526 1973 1555 2008 ιι.
1575 1955 1619 2006 iii.
1645 1954 1679 2007 de
1705 1951 1833 2005 Praeside
1852 1951 2013 2021 parlamenti

275 2041 314 2094 nu
331 2050 386 2095 tce.
404 2039 450 2094 sed
469 2059 522 2093 unu
540 2041 568 2092 iu
582 2040 863 2105 omuibus3sideiicet
875 2039 1013 2109 excipiunt
1025 2054 1147 2107 ea,qeae
1195 2039 1372 2114 parisiensis,
1388 2041 1431 2092 essi
1450 2058 1509 2094 cum
1536 2055 1582 2092 rer
1609 2029 1831 2100 mandssset,'ut
1855 2035 1905 2088 sub
1932 2051 2012 2108 poena

329 2125 493 2177 atrocitatem
513 2124 611 2176 hahent
629 2122 760 2177 iocinoris
777 2125 816 2176 rel
834 2122 949 2178 sceleris.
962 2123 1074 2175 iudeo.
1085 2123 1148 2174 iiii.
1194 2123 1372 2192 depositionis
1390 2123 1551 2176 seutentiam
1571 2121 1701 2175 rotuntrti
1714 2123 1770 2190 ejus
1781 2119 1946 2174 conformem
1960 2119 2016 2173 ier·

328 2223 370 2278 pr.
375 2205 416 2276 ff.
429 2204 456 2260 d.
468 2225 490 2260 r.
505 2207 523 2260 i.
535 2207 555 2259 l.
566 2205 615 2259 sed
626 2205 652 2257 si
665 2207 755 2260 unius.
770 2208 812 2260 17.
825 2209 882 2270 §.7.
895 2205 920 2259 d
933 2206 1045 2276 injeci.
1058 2203 1147 2276 quiin
1194 2219 1234 2260 ret
1253 2208 1282 2260 in
1301 2225 1377 2260 eausa
1395 2208 1519 2278 quedem,
1536 2205 1706 2276 respondisse
1726 2205 1825 2259 lectur:
1845 2205 1921 2260 molo
1947 2203 2014 2276 offi-

326 2299 445 2361 pureum.
461 2292 502 2342 11.
516 2297 538 2352 ς.
554 2289 666 2359 Lquod
676 2289 708 2342 ui
716 2301 764 2344 aret
776 2290 856 2345 cium.
866 2291 925 2361 Qun
938 2289 1083 2360 respiciens
1097 2290 1145 2342 Se·
1194 2291 1266 2345 cium
1275 2292 1402 2363 perdere,
1415 2311 1499 2364 quom
1510 2289 1624 2344 scienter
1636 2293 1725 2346 Deum
1743 2289 1898 2358 offendere.
1925 2289 1960 2342 iit
1976 2291 2015 2343 ita

330 2377 513 2430 neca1.ii.de
532 2373 784 2444 berrefic.20.aitr
803 2394 860 2430 non
882 2376 956 2429 enins
980 2385 1028 2428 out
1046 2393 1097 2428 nos
1116 2391 1147 2427 c·
1194 2377 1276 2432 etiarn
1294 2375 1387 2429 cilicio
1405 2379 1520 2449 privatus
1539 2375 1608 2440 luite
1623 2373 1795 2446 postmudusn
1808 2377 2016 2428 tamenohcan·

331 2460 408 2513 mnia
417 2460 513 2528 jubere
523 2477 676 2530 possumus,
688 2459 772 2514 autin
786 2463 880 2515 omnio
898 2459 975 2514 servi
990 2475 1084 2529 parere
1102 2477 1149 2512 co·
1194 2459 1285 2515 durem
1305 2473 1440 2515 resocatus
1458 2473 1484 2515 et
1502 2460 1648 2514 honoribus
1671 2459 1775 2512 meritis
1801 2459 2012 2514 condecoratus.

326 2554 437 2614 guntur.
451 2545 558 2597 Cuntro
577 2543 708 2610 rempubl.
725 2544 855 2612 imperato
868 2541 1063 2612 nonfacient,
1076 2540 1148 2596 nulli
1194 2545 1272 2600 Coni.
1290 2549 1360 2601 Petr.
1374 2549 1434 2599 Aut.
1446 2547 1480 2601 de
1491 2546 1568 2600 Petro
1580 2545 1624 2599 eit.
1638 2555 1673 2597 tr.
1687 2562 1709 2598 c.
1725 2543 1768 2596 32.
1782 2544 1869 2597 conci.
1882 2543 1909 2595 2.
1921 2541 2015 2612 princ.

332 2628 429 2685 sceleri
441 2628 782 2684 monuseomenodudunt.
802 2625 900 2681 Eodem
922 2627 999 2680 ruodo
1018 2623 1148 2678 dilemin
1194 2650 1224 2684 ιι.
1243 2631 1269 2685 4.
1288 2633 1346 2684 lloc
1362 2634 1435 2684 euim
1454 2640 1557 2684 eertum
1575 2637 1625 2696 est,
1644 2627 1780 2700 principes
1799 2627 1933 2682 ministris
1952 2627 2014 2698 qui·

331 2715 350 2768 l.
362 2730 463 2768 seruus·
477 2715 520 2764 20.
531 2730 573 2780 pr.
586 2715 611 2768 d.
625 2732 652 2766 o.
665 2724 690 2766 et
705 2731 732 2766 c.
745 2731 849 2766 sersum
864 2732 915 2766 uon
929 2715 958 2766 in
970 2713 1095 2768 omnibus
1108 2728 1148 2764 re·
1195 2715 1255 2767 dem
1275 2715 1407 2784 imperare
1427 2732 1521 2786 posse,
1540 2725 1566 2768 ut
1583 2729 1686 2765 cansam
1706 2711 1823 2766 bresiter
1846 2711 2013 2782 expedient,

330 2797 379 2852 bns
392 2799 450 2852 siue
465 2816 546 2868 ροειιι
567 2799 679 2852 domino
698 2799 771 2853 dictu
789 2799 956 2852 obedientem
976 2816 1032 2852 esse
1052 2818 1147 2868 posse,
1196 2817 1248 2852 non
1269 2809 1374 2866 tamen,
1392 2797 1458 2868 qnid
1476 2797 1652 2868 pronunciare
1671 2795 1799 2860 debeant,
1818 2797 2016 2866 praescribere,

332 2879 411 2933 sicuti
430 2879 453 2932 si
472 2880 597 2933 dominns
616 2881 753 2936 hominem
772 2881 893 2935 occidere
910 2891 956 2936 aut
974 2881 1075 2938 icarium
1099 2885 1147 2938 eli·
1196 2883 1242 2936 sed
1261 2883 1411 2936 libertatern
1431 2883 1564 2950 integram
1584 2879 1751 2933 deliberandi
1769 2889 1798 2933 et
1821 2881 1952 2948 judicium
1980 2881 2019 2935 ie·
2043 2913 2045 2916 -

279 2968 314 3021 tt
331 2965 373 3019 cui
391 2962 475 3018 iacere
493 2982 597 3019 serrum
616 2966 745 3035 jussisset.
758 2967 886 3036 Quocirca
905 2986 967 3022 seno
986 2986 1063 3022 senan
1082 2971 1148 3022 aeci-
1195 2965 1272 3019 rendi
1293 2967 1455 3036 relinquere,
1474 2965 1513 3017 uti
1533 2965 1601 3018 bene
1617 2964 1742 3018 observat
1754 2961 1913 3035 Christoph.
1927 2964 2019 3036 Cresp.

330 3047 468 3120 piendum,
486 3059 515 3102 et
532 3065 565 3102 ex
583 3050 601 3102 i.
622 3051 683 3102 1417.
701 3052 744 3106 cit.
764 3053 1007 3122 interpretendurn,
1020 3055 1090 3126 quod
1109 3055 1149 3106 di.
1197 3049 1228 3101 de
1247 3048 1379 3106 Valdeura
1397 3049 1455 3103 cis.
1470 3048 1534 3100 114.
1545 3067 1573 3104 ιι.
1594 3049 1639 3102 tt.
1658 3047 1699 3100 De
1717 3046 1813 3101 mostis
1823 3050 1943 3116 periculo
1957 3067 2020 3106 sete
2036 3040 2073 3093 ⁶¹

331 3130 403 3186 citur
421 3131 448 3184 in
467 3132 486 3184 4.
501 3133 527 3184 2.
542 3140 563 3196 t.
578 3135 603 3188 1.
608 3131 804 3202 ffidenosul.
817 3147 867 3190 oct.
887 3153 992 3190 serrum
1007 3140 1065 3191 scil.
1079 3139 1149 3192 nihil
1197 3133 1299 3202 grauior
1327 3133 1480 3204 disquisitio
1507 3144 1641 3204 superest.
1668 3131 1697 3186 Si
1724 3131 1852 3186 Grotiurn
1876 3133 2017 3189 audiamus

331 3213 484 3286 deliquisse,
503 3218 549 3287 qut
569 3218 679 3271 domino
695 3219 796 3287 jubenti
816 3217 1054 3291 obtemperaverit.
1072 3223 1149 3278 Cuui.
1196 3221 1241 3274 cit.
1254 3238 1276 3272 c.
1290 3217 1317 3271 4.
1330 3219 1376 3273 lid.
1392 3221 1417 3272 1.
1436 3221 1511 3283 §.1.,
1531 3219 1571 3271 ibi
1591 3219 1622 3269 in
1630 3217 1662 3286 f
1678 3217 1833 3271 conctudttr
1854 3219 2018 3274 inierendsm

330 3299 401 3372 disp.
420 3300 466 3352 dn.
487 3301 573 3354 Praes.
592 3301 692 3356 decii.
703 3305 791 3372 princ.
812 3301 929 3372 exstent.
945 3303 1010 3358 usin.
1030 3323 1055 3358 e.
1077 3307 1104 3358 3.
1122 3325 1148 3362 ιι.
1197 3321 1253 3356 esse
1273 3304 1413 3372 injuriam,
1429 3305 1452 3356 ai
1470 3321 1520 3373 qua
1545 3302 1623 3356 nobis
1645 3301 1709 3354 inde
1725 3299 1879 3356 inferatur.
1897 3301 2020 3359 Et'hane

334 3381 377 3437 44.
389 3394 416 3437 et
431 3382 475 3437 tt.
487 3384 635 3456 Gugiiclmi
651 3389 779 3442 liunoset.
797 3389 880 3442 decri.
904 3391 965 3441 1³1.
985 3406 1013 3444 ιι.
1035 3391 1060 3443 8.
1078 3395 1148 3445 Μιι.
1199 3389 1362 3442 seutentiam
1384 3387 1482 3441 merito
1499 3387 1633 3457 approbo,
1651 3385 1675 3437 si
1693 3385 1766 3438 nuile
1784 3383 1911 3438 evadendi
1930 3387 1971 3438 sia
1991 3393 2022 3440 et

336 3467 435 3523 (iiurls.
455 3466 533 3524 decis.
549 3469 592 3524 tt.
613 3489 640 3527 ιι.
660 3473 684 3526 1.
706 3473 793 3526 Sescc.
812 3472 846 3524 de
856 3469 942 3545 judie.
966 3491 986 3525 c.
1008 3473 1051 3525 ii'l.
1074 3495 1103 3528 ιι.
1123 3478 1151 3532 8.
1199 3477 1277 3540 ratio,
1299 3485 1325 3528 ct
1345 3475 1390 3527 iila
1410 3475 1567 3528 executione
1585 3473 1656 3525 Deus
1674 3469 1732 3541 ipse
1750 3471 1872 3524 laedetur·
1888 3513 1894 3526 .
1913 3471 2016 3541 Quam·
2037 3497 2077 3550 g,

335 3553 443 3606 flector.
464 3552 559 3624 Cepyc.
578 3555 663 3608 Latri-
681 3555 763 3610 decis.
785 3555 891 3610 noviss.
905 3555 985 3609 deeie.
999 3557 1062 3610 170.
1079 3577 1106 3614 n.
1127 3560 1153 3616 4.
1200 3561 1245 3614 diu
1264 3561 1336 3615 euim
1355 3557 1439 3612 edhnc
1459 3559 1550 3610 subest
1562 3555 1683 3626 fugiendi
1697 3557 1774 3620 ratio,
1787 3555 1868 3610 saluti
1882 3572 2019 3612 moecen-

335 3635 433 3691 toron.
446 3635 633 3692 Granuanieto
645 3649 790 3693 comment.
803 3639 834 3693 in
847 3641 868 3690 i.
878 3641 903 3692 2.
917 3651 944 3694 et
957 3642 983 3692 ii.
994 3639 1091 3696 decret.
1104 3645 1150 3703 tit.
1200 3647 1285 3698 suicro
1301 3643 1415 3713 quilibet
1433 3642 1493 3711 iuga
1514 3651 1621 3693 tenetur
1635 3675 1642 3704 ,
1662 3655 1695 3691 ne
1714 3655 1743 3690 se
1767 3639 1856 3708 ipsum
1884 3640 1954 3692 meio
1973 3648 2021 3694 aut

282 3719 318 3775 iiii
336 3721 361 3774 ³.
374 3718 415 3772 tit.
427 3719 455 3771 ii.
466 3736 489 3774 e.
503 3721 530 3772 8.
544 3739 573 3772 ιι.
587 3723 614 3774 t.
632 3721 678 3774 ubi
697 3720 823 3777 disceruit
836 3724 988 3778 mandatum
1002 3727 1097 3781 durum
1112 3733 1152 3786 sel
1202 3732 1282 3784 morti
1294 3729 1409 3797 obiiciat,
1423 3723 1566 3780 recusando
1577 3725 1690 3796 implere
1701 3724 1865 3776 noluntatem
1881 3723 1924 3776 sui
1939 3721 2020 3793 prin·

336 3819 459 3872 saperem
476 3803 509 3854 ab
528 3797 643 3872 injusto.
661 3805 721 3856 iiue
739 3806 817 3859 etiarn
837 3805 912 3874 iacit,
930 3827 987 3882 urg.
1003 3811 1022 3864 4.
1036 3815 1154 3867 torrenti
1201 3815 1281 3885 cipis,
1299 3813 1352 3867 sid.
1371 3812 1463 3882 Carpe.
1482 3812 1514 3865 de
1527 3811 1545 3864 4.
1556 3829 1612 3882 reg.
1625 3828 1646 3863 c.
1663 3807 1705 3861 14.
1721 3819 1783 3862 sect.
1796 3809 1822 3860 2.
1836 3827 1863 3862 ιι.
1875 3808 1903 3860 8.
1924 3807 1983 3860 imo
1994 3815 2021 3862 ei
2036 3819 2074 3873 ω

337 3881 362 3956 5.
382 3887 408 3938 ii.
426 3885 481 3939 ibic
500 3903 555 3940 non
577 3902 635 3940 esse
646 3886 673 3940 ei
684 3903 789 3943 neeesse
802 3890 1042 3962 obtemperares.
1056 3897 1087 3950 de
1098 3899 1153 3964 pol-
1202 3911 1258 3951 arte
1276 3897 1349 3951 eludi
1362 3914 1438 3967 posse
1456 3897 1506 3950 tsie
1524 3895 1659 3966 principis
1678 3892 1842 3958 mandatum,
1853 3892 1900 3944 uisi
1917 3890 2021 3944 occasio

340 3969 404 4024 licit.
423 3969 516 4040 Neque
535 3971 608 4023 euim
626 3970 690 4022 inde
709 3972 867 4039 injuriarum
888 3975 958 4028 nasci
979 3977 1058 4030 debet
1080 3997 1154 4034 occa·
1203 3981 1330 4050 eliaeque.
1341 3978 1557 4033 circumstantiae
1575 3995 1627 4030 uon
1647 3979 1789 4042 resistunt,
1808 3977 1894 4029 nuilus
1906 3974 2020 4041 dubito,

337 4053 389 4120 aio,
406 4053 476 4106 unde
496 4055 552 4122 jura
571 4055 745 4108 nascunturl.
758 4057 943 4112 meminerint·
957 4060 983 4112 6.
995 4077 1019 4114 c·
1032 4064 1155 4118 undeni.
1202 4081 1262 4116 cum
1281 4065 1403 4134 exempla
1426 4070 1566 4126 testentur,
1585 4077 1663 4132 saepe
1682 4059 1817 4131 principes
1835 4057 1868 4110 ad
1887 4059 2022 4116 saniorem

286 4149 321 4203 m
339 4137 373 4192 Et
391 4138 440 4190 boe
458 4147 521 4205 est,
539 4139 610 4208 quod
630 4137 743 4208 theologi
763 4138 793 4192 iu
813 4139 860 4193 iseo
879 4144 988 4196 materia
1008 4143 1096 4201 dicere
1114 4167 1155 4203 ao·
1203 4164 1323 4203 reversos
1343 4155 1461 4199 mentem
1481 4145 1520 4198 ira
1542 4143 1697 4209 exstincta,
1722 4153 1749 4197 et
1773 4141 1873 4196 lactum
1898 4143 2020 4198 ministri

340 4223 412 4275 lent:
431 4219 500 4292 quod
522 4219 634 4275 secunde
656 4221 744 4275 tabula
761 4221 853 4277 cedere
871 4223 965 4278 debeat
991 4227 1108 4298 primae,
1131 4245 1157 4288 et
1203 4231 1398 4286 dissimulantis
1418 4247 1479 4282 oum
1499 4245 1602 4281 summa
1626 4227 1703 4282 laude
1726 4225 1906 4298 approbasse.
1929 4225 2023 4298 Neque

337 4307 409 4378 quod
428 4306 548 4375 neglecta
567 4303 652 4360 tabule
671 4305 775 4377 prima,
794 4318 939 4376 sequautur
957 4311 1046 4382 lapsus
1066 4316 1156 4370 tristes
1202 4317 1273 4370 enirn
1291 4331 1370 4369 omne
1388 4309 1569 4382 falsiloquium
1587 4321 1671 4380 turpe,
1684 4319 1711 4364 et
1727 4309 1816 4363 omnis
1831 4309 1967 4366 simulatio
1979 4329 2022 4365 rs·

340 4389 369 4442 iu
388 4387 606 4444 manducent
625 4390 697 4444 l’etr.
717 4390 827 4446 hunde
847 4391 961 4446 Petne.
987 4394 1031 4449 24.
1057 4417 1084 4451 ιι.
1110 4401 1155 4455 41.
1203 4397 1401 4472 prehendenda,
1420 4407 1498 4467 prout
1517 4396 1576 4466 ipse
1593 4393 1655 4464 Uip.
1674 4410 1706 4445 es
1725 4392 1846 4447 Labeone
1858 4395 1962 4466 optime
1973 4413 2022 4448 no-

287 4469 323 4524 tt
339 4490 409 4544 seqq.
421 4482 448 4527 et
466 4487 494 4524 ιι.
510 4469 555 4524 ii.
574 4488 646 4544 repq.
666 4472 784 4528 Proinde
802 4473 934 4546 situperio
954 4493 1057 4533 summo
1076 4481 1155 4553 digus
1203 4494 1242 4538 tat
1254 4483 1284 4536 iu
1297 4482 1314 4535 4.
1328 4484 1355 4533 1.
1367 4481 1390 4547 5.
1403 4481 1428 4531 2.
1434 4477 1476 4549 ff.
1487 4477 1521 4534 de
1532 4479 1592 4535 dci.
1607 4479 1673 4531 mol.
1692 4479 1749 4532 lroo
1765 4479 1811 4531 teli
1831 4495 1893 4532 casu
1913 4492 2021 4550 semper
2038 4495 2076 4549 gg

340 4555 480 4619 sententia,
492 4553 562 4626 quod
574 4555 675 4626 absque
687 4556 751 4610 uilis
763 4557 874 4614 indiciis
893 4569 921 4614 et
933 4577 1043 4634 corpore
1062 4565 1155 4624 delicti
1204 4588 1252 4646 pro
1271 4586 1314 4624 me
1332 4566 1431 4621 militat
1448 4565 1553 4620 dictum
1571 4563 1761 4636 Apostolorum
1778 4575 1830 4616 oct.
1846 4565 1878 4617 V.
1892 4563 2021 4638 ihsepp.

340 4657 375 4694 ex
392 4642 464 4710 jussu
477 4640 610 4711 principia
623 4642 707 4712 possit
725 4641 834 4699 formari
855 4645 996 4718 inquisitio
1017 4653 1156 4725 speciatim
1205 4659 1262 4711 lieo
1279 4653 1362 4724 magis
1379 4649 1561 4706 obediendum
1579 4663 1648 4713 esse,
1663 4665 1744 4718 quam
1762 4647 1932 4715 bominibus,
1950 4647 2020 4720 quud

343 4726 487 4782 sidhlart·
501 4726 608 4782 Schras.
623 4729 781 4784 decorarent.
792 4731 881 4804 princ.
893 4751 931 4789 ee
945 4745 1042 4807 potest.
1061 4739 1157 4808 pienit.
1204 4742 1284 4798 etiam
1302 4757 1349 4795 sno
1366 4738 1491 4808 exemplo
1508 4733 1597 4788 siside
1609 4733 1792 4799 iliustrarnutg
1809 4743 1902 4786 contre
1917 4753 1948 4788 ac
1963 4737 2021 4788 llo-
2038 4749 2076 4803 ω

342 4811 502 4878 tenone
521 4811 564 4864 tr.
579 4811 623 4862 tto.
642 4821 670 4867 et
688 4811 733 4866 81.
751 4830 810 4867 cnm
836 4831 872 4868 ne
895 4817 1004 4888 quidem
1029 4821 1159 4896 princeps
1205 4821 1476 4892 sensiteeiinsaiqne,
1492 4819 1539 4888 qui
1555 4817 1928 4887 Domiucsuoiucmnibns,
1947 4819 2022 4890 quie·

344 4894 429 4966 possit
443 4893 566 4948 mandare
574 4933 583 4961 ,
595 4904 625 4948 nt
638 4893 795 4965 procedetur
805 4897 903 4971 absque
915 4902 1000 4973 partis
1015 4905 1158 4966 citatione.
1206 4906 1271 4980 quid
1282 4905 1360 4962 etlam
1375 4905 1510 4977 tyrannica
1522 4901 1646 4968 mandat,
1662 4901 1845 4958 obedientiam
1867 4915 2022 4973 praestant,

345 4979 454 5031 ilector.
465 4977 561 5048 Capye.
573 4977 644 5032 hats.
658 4979 736 5036 decis.
747 4979 915 5039 novundec.
930 4986 991 5038 122.
1005 5005 1032 5042 ιι.
1047 4990 1091 5042 18.
1104 4991 1161 5048 imo
1208 5011 1268 5048 cnm
1284 4989 1335 5044 liei
1350 4992 1483 5047 sclnutata
1493 4987 1583 5041 omnia
1593 4985 1649 5055 geri
1660 4985 1827 5054 existiment,
1834 5003 1881 5040 cau
1889 5004 1921 5040 er
1929 4987 2022 5058 Chytr.

345 5061 429 5114 nimis
449 5073 547 5117 temere
567 5064 675 5119 Suaree.
695 5069 740 5121 cit.
757 5067 776 5122 4.
796 5079 970 5141 exequentem
992 5073 1159 5144 epistainsata
1208 5077 1301 5134 cirron.
1315 5075 1418 5129 Sueom
1436 5073 1455 5126 l.
1469 5075 1494 5124 1.
1506 5070 1587 5125 reiert
1600 5070 1692 5142 Carpe.
1706 5071 1743 5124 od
1750 5070 1768 5122 4.
1781 5088 1834 5142 reg.
1846 5089 1869 5125 e.
1884 5072 1909 5124 2
1921 5091 1949 5124 ιι.
1962 5073 2008 5126 18.

346 5145 409 5198 talia
420 5145 558 5202 absolvite
574 5160 681 5218 peccrto
697 5152 726 5204 in
738 5152 914 5219 conscientia,
930 5159 1087 5226 prsesertim
1099 5181 1158 5218 cum
1242 5161 1373 5233 Equidem
1393 5159 1418 5211 b.
1437 5159 1484 5211 du.
1503 5155 1828 5225 concucurrerunt.
1842 5157 1906 5210 8.e.
1923 5159 1948 5209 1.
1959 5153 1985 5228 5.
1996 5157 2021 5212 b.
2040 5179 2077 5233 gg

344 5231 425 5284 etiem
440 5232 467 5284 in
482 5231 546 5286 airis
556 5235 840 5306 quaestionumque
856 5255 908 5293 non
921 5241 1040 5295 eumdem
1054 5245 1159 5301 esiden-
1207 5247 1252 5303 irio
1271 5243 1472 5314 distinguendos
1490 5241 1556 5294 dnus
1572 5257 1648 5294 casus
1667 5249 1752 5309 putam
1767 5242 1950 5311 alterumque
1962 5241 2023 5311 quis

346 5325 399 5368 tem
421 5315 584 5386 iniquitatem
608 5317 718 5384 hebent,
734 5317 850 5375 difficile
869 5334 894 5377 et
913 5324 1104 5394 quqdemmodo
1124 5343 1162 5386 te·
1209 5327 1312 5384 nudem
1331 5325 1444 5396 suscipit
1468 5325 1657 5378 executionem
1674 5323 1802 5388 actionis,
1820 5323 1954 5386 alterum,
1971 5339 2024 5392 quo

348 5401 489 5454 mererium
508 5401 558 5465 sit,
578 5403 645 5454 selle
661 5403 797 5471 indicere,
816 5425 849 5458 an
869 5409 918 5460 isne
936 5413 974 5463 sei
1002 5412 1068 5466 iilud
1093 5405 1161 5472 selca
1208 5412 1269 5482 quis
1286 5409 1416 5461 actionem
1437 5411 1509 5474 iussu
1529 5405 1688 5477 imperantis
1706 5406 1826 5475 suscipit,
1844 5417 1873 5457 ut
1890 5419 1975 5458 ruem.
1987 5404 2022 5456 ii·
2039 5429 2078 5484 m

348 5483 511 5538 conscientia
529 5481 588 5538 iieri
608 5487 709 5556 possit}
726 5505 774 5542 uec
796 5487 848 5542 ne?
864 5507 923 5544 curu
943 5494 993 5546 hoc
1017 5497 1162 5567 dependeat
1210 5499 1264 5549 lum
1284 5513 1336 5547 uon
1355 5491 1481 5562 imputari
1500 5491 1681 5544 executionem
1699 5487 1827 5555 iacienti,
1845 5489 1918 5542 hisee
1937 5497 2022 5540 temen

350 5581 383 5618 ex
399 5566 538 5634 cujstsiibet
557 5569 721 5636 intentione,
739 5589 789 5643 qua
810 5572 945 5642 negotium
962 5575 1118 5648 aggreditur
1138 5591 1163 5634 et
1211 5579 1428 5631 concurrentibus
1448 5577 1600 5648 requisitis:
1626 5574 1671 5647 (i)
1696 5587 1724 5629 ut
1749 5593 1824 5628 resero
1850 5583 1952 5628 tentasrn
1983 5571 2022 5624 iiii

353 5645 469 5720 perficit,
488 5669 565 5723 quem
586 5667 663 5706 nemo
681 5657 840 5725 perscrutari
855 5667 958 5730 puteat,
973 5661 1026 5714 nisi
1046 5679 1165 5718 summus
1215 5663 1337 5717 enacmin
1358 5659 1557 5733 injungetur,i.
1574 5677 1596 5715 e.
1616 5671 1642 5713 ut
1662 5661 1721 5732 ipse
1734 5659 1852 5714 menbra
1866 5667 1966 5714 metum
1981 5673 2026 5708 sua
