4416 6230
863 356 1200 444 ntsrnmto
1239 351 1487 430 SECUNDA

529 581 633 700 ott
668 571 1129 694 conscensa
1165 552 1821 686 condonationem

920 806 1511 946 cenaeos..

975 1077 1008 1120 li·
1024 1076 1114 1121 xxvi.
1130 1067 1189 1122 111
1195 1098 1204 1117 .
1227 1067 1380 1113 nocxcnt.

918 1303 919 1306 =
1036 1267 1319 1318 BBSPONBBM!

517 1436 714 1509 ERNEST.
737 1435 986 1508 BOGISLAV.
1009 1435 1075 1504 DE
1098 1427 1360 1502 COLLREPP.
1385 1421 1567 1519 Louna
1590 1421 1826 1494 POMERAN.

895 1693 1455 1741 ——amr—
1548 1649 1549 1652 Ἴ

1079 1871 1115 1942 J.
1161 1871 1203 1940 lt.
1250 1869 1285 1938 J.

341 2075 595 2204 Tritissimum
622 2127 707 2197 illud
730 2129 908 2197 Modestini
932 2137 1089 2195 assertum
1115 2131 1183 2204 est,
1206 2121 1241 2188 ia
1268 2117 1511 2212 praejudicium
1535 2118 1602 2186 fisci
1627 2119 1779 2211 quotidie
1800 2121 1932 2215 allegari
1961 2145 2012 2190 so·

338 2223 456 2290 litum:
480 2247 550 2290 non
566 2221 761 2312 delinquere
775 2221 891 2298 illum,
907 2221 966 2310 qni
980 2219 1018 2282 in
1035 2213 1150 2281 dubiis
1166 2211 1424 2304 quaestionibus
1438 2211 1809 2301 contrnfisoomfacile
1824 2215 2015 2306 responde·
2092 2220 2094 2222 ’

340 2315 409 2380 rit.
428 2313 555 2404 Regula
575 2313 653 2376 inde
670 2323 762 2393 nata,
779 2333 865 2402 quae
879 2308 1082 2376 occasionem
1099 2325 1165 2368 non
1182 2326 1255 2371 raro
1274 2301 1463 2391 suppeditat
1488 2301 1734 2393 judicantibus,
1759 2322 1797 2370 nt
1817 2304 1864 2368 ibi
1888 2306 2012 2387 etiam,

345 2404 401 2470 ubi
422 2424 487 2468 non
505 2403 618 2555 imina
643 2399 707 2466 fisci
734 2402 850 2490 petitio
871 2417 941 2482 est,
965 2395 1120 2486 iniquam
1143 2408 1253 2459 nmen
1276 2405 1387 2458 contra
1409 2393 1529 2479 ipsum,
1552 2391 1617 2458 sub
1639 2393 1891 2483 qualiscumque
1913 2392 2012 2460 dubii

342 2502 537 2581 praetextu,
573 2493 669 2556 'erant
692 2489 901 2570 sententiam.
925 2509 1037 2575 sempe
1081 2507 1123 2551 aa
1139 2483 1306 2570 refugium
1322 2499 1455 2548 sumant
1477 2482 1518 2546 ad
1555 2481 1798 2573 amallegatum
1816 2483 2010 2552 Modestini

340 2602 545 2670 responsum,
568 2601 585 2643 a
610 2577 818 2645 Triboniano
841 2578 979 2645 relatum
1002 2579 1040 2641 in
1079 2623 1087 2642 .
1116 2595 1166 2640 ro.
1183 2571 1229 2677 ff
1252 2569 1295 2638 de
1311 2572 1386 2662 jur.
1403 2568 1495 2660 fisci.
1519 2503 1641 2640 donna
1667 2593 1768 2653 vero,
1798 2597 1875 2640 crim
1910 2595 2006 2642 causa

343 2668 412 2736 fisci
436 2668 570 2760 publica
593 2670 659 2748 sit,
683 2667 775 2734 saror
798 2679 908 2734 autem
932 2665 1076 2758 reipubi.
1110 2685 1289 2740 mosinius,
1319 2661 1502 2727 mirabilem
1535 2661 1625 2728 illam
1654 2659 1833 2730 Modestini
1865 2663 2010 2754 regulam

337 2783 427 2841 esse,
449 2760 512 2848 jem
536 2759 613 2824 olim
639 2779 705 2826 non
729 2759 803 2823 sine
826 2759 953 2826 ratione
976 2753 1116 2822 asseruit
1149 2751 1265 2820 Martii.
1295 2747 1530 2843 liiatthaasylan
1553 2752 1725 2844 singular.
1759 2777 1813 2844 7¹·
1844 2763 1877 2819 et
1910 2757 2012 2822 maxi-

342 2871 431 2915 mam
455 2847 496 2914 de
519 2870 556 2914 ea
580 2869 708 2938 semper
731 2847 972 2914 altercationem
997 2844 1120 2928 scisse,
1144 2854 1286 2910 testatur
1309 2838 1399 2906 idem
1422 2841 1458 2908 d.
1478 2842 1505 2908 1.
1529 2841 1769 2933 difficilemque
1792 2843 1876 2910 hanc
1892 2861 1924 2910 et
1963 2870 2013 2912 er·

342 2937 471 3029 plexum
494 2937 768 3028 disputationem,
790 2936 926 3029 quando
946 2953 1055 3002 contra
1073 2933 1187 3000 fiscum
1206 2932 1492 3021 pronunciandum
1509 2933 1567 3012 sit,
1583 2935 1717 3024 agnovit
1734 2929 1885 3001 Menoeis.
1902 2867 1962 3000 tii
1980 2960 2010 3001 2.

343 3051 457 3119 praes.
484 3050 538 3114 7²·
564 3050 655 3092 nom.
682 3051 712 3092 ι.
734 3027 862 3118 quippe
886 3048 1044 3117 magnum
1069 3025 1158 3090 inter
1180 3023 1343 3112 privatam
1366 3020 1532 3088 fortunam
1556 3032 1591 3088 et
1615 3023 1723 3115 regaie
1747 3021 1879 3091 culmen
1908 3027 2011 3091 inter·

342 3115 431 3184 cedit
453 3116 631 3182 discrimen
656 3115 680 3184 Ι.
707 3113 738 3182 3.
762 3141 791 3184 c.
815 3117 995 3209 quadrien.
1015 3117 1220 3220 praescript.
1244 3109 1440 3199 Quaenam
1465 3111 1510 3176 ita
1534 3111 1624 3194 sint,
1654 3134 1721 3178 non
1747 3112 1830 3177 male
1853 3139 1905 3182 me
1929 3131 2012 3180 tem·

368 3231 407 3274 us
429 3203 663 3274 collocaturum
686 3207 818 3289 censui,
842 3207 867 3274 si
892 3205 1080 3297 speciminis
1103 3201 1280 3269 academici
1305 3200 1395 3280 loco,
1418 3200 1508 3290 quod
1533 3217 1744 3291 patronorum
1763 3206 1855 3292 jussu
1874 3208 1907 3270 in
1928 3227 2010 3270 nora

341 3229 401 3363 iiac
424 3293 587 3362 academia
611 3293 822 3363 fridericiana
844 3297 927 3363 mihi
947 3293 1175 3362 exhibendum
1199 3290 1277 3375 iuis,
1299 3290 1342 3356 de
1366 3291 1421 3356 itta
1443 3289 1619 3356 Modestini
1643 3291 1752 3382 tegula
1777 3293 2009 3384 disquisivero,

347 3386 523 3476 variasque
546 3383 715 3451 doctorum
738 3388 930 3466 sententias,
953 3408 1038 3474 quas
1060 3407 1101 3448 ex
1123 3383 1213 3448 iliius
1234 3379 1447 3472 generalitate
1470 3381 1634 3446 interdum
1659 3383 1771 3448 minus
1796 3383 1931 3472 provide
1954 3381 2011 3449 de·

349 3475 525 3550 siverunt,
550 3476 613 3540 sub
636 3497 774 3539 examen
799 3497 1021 3541 revocarem.
1049 3471 1148 3561 Quod
1174 3471 1378 3560 propositum
1403 3494 1514 3536 meum
1539 3468 1689 3537 benevoli
1724 3471 1852 3562 lectoris
1874 3471 2011 3541 candori

348 3562 568 3647 commendo,
590 3575 623 3629 et
647 3563 689 3628 ab
713 3565 798 3654 ipso,
823 3564 851 3629 si
877 3586 941 3629 non
966 3564 1076 3629 ubivis
1098 3560 1315 3652 expectationi
1340 3559 1547 3639 satisfecero,
1584 3561 1716 3626 taniam
1745 3561 1827 3628 mihi
1861 3563 2014 3653 polliceor

349 3653 586 3719 certissimam.
611 3651 706 3718 Deus
729 3675 805 3719 vero
828 3653 915 3720 seiici
941 3674 1093 3718 successo
1105 3699 1115 3730 ,
1128 3648 1290 3738 quicquid
1308 3665 1493 3739 susceptum
1509 3647 1646 3732 laboris,
1661 3650 1912 3722 clementissime
1929 3653 2014 3740 beet,

344 3743 445 3832 'cujus
467 3739 714 3833 benignissimis
736 3743 891 3834 auspiciis
914 3741 954 3808 ad
978 3764 1047 3808 rem
1070 3739 1276 3832 progredior.
1300 3738 1352 3806 Sit
1376 3741 1507 3832 itaque.

580 3931 604 3984 e
624 3931 652 3986 U
666 3927 699 3982 11
716 3927 751 3984 ΙΙ
766 3929 795 3982 A
814 3931 839 3986 a
856 3929 918 3986 11
1212 3925 1355 3981 Transitns
1369 3925 1408 3981 od
1417 3923 1624 3992 septiminum
1636 3925 1657 3979 i.
1670 3927 1716 3979 16.
1719 3923 1762 3996 ff.
1769 3927 1824 3997 jar.
1823 3926 1891 3998 fise.
1906 3935 1927 3991 5.
1941 3929 1982 3982 st.

1206 4011 1374 4066 Modestinus
1385 4009 1434 4064 snb
1455 4027 1508 4080 qao
1528 4007 1591 4080 inp.
1615 4008 1727 4063 riserit.
1747 4010 1901 4066 Consilium
1919 4021 2016 4067 contra

343 4091 441 4148 Fiscus
453 4090 587 4147 Romanis
597 4094 705 4163 1'gnotns
707 4093 770 4164 ficit
780 4105 842 4148 onte
854 4106 980 4165 temporo
992 4095 1103 4165 impp.5.
1112 4096 1138 4146 1.
1239 4092 1408 4167 iniqnnjiscs'
1417 4091 1578 4166 compendia
1590 4094 1780 4162 suppeditavit.
1793 4097 1815 4161 ς
1830 4097 1874 4147 16.

344 4176 440 4230 Fiscus
453 4195 505 4248 qno
517 4193 597 4232 sensis
609 4179 681 4247 opud
693 4178 851 4235 Ciceronem
864 4189 999 4234 occurrat.
1009 4186 1030 4242 5.
1040 4181 1066 4232 2.
1205 4178 1305 4249 Aliqui
1309 4177 1477 4249 generaliter
1486 4178 1571 4248 legem
1583 4177 1745 4249 intelligunt.
1757 4185 1778 4242 5.
1793 4181 1839 4232 17.

342 4258 389 4314 At
402 4257 481 4330 impp.
493 4259 634 4314 osrorinnt
646 4260 766 4330 etstsorss
779 4261 911 4335 distingui
920 4273 1078 4333 coeperunt.
1091 4269 1115 4327 5.
1129 4263 1153 4316 6.
1206 4261 1382 4318 consectario
1395 4261 1438 4316 sd.
1456 4264 1491 4315 In
1509 4279 1541 4315 rs
1559 4261 1663 4317 tostus
1679 4265 1801 4316 tendito·
1813 4265 1857 4316 'ln
1878 4265 2021 4320 sententiis

343 4343 436 4396 Jatios
448 4344 550 4398 Caesar
560 4342 702 4414 odfiscnm
716 4346 927 4402 stnrodnsrsrit?
945 4350 988 4404 Li.
994 4348 1086 4421 jainis
1094 4364 1130 4402 on
1138 4365 1156 4401 a
1216 4397 1217 4402 ,
1241 4343 1401 4399 contrariis.
1413 4348 1448 4399 In
1458 4345 1621 4413 probatione
1632 4344 1729 4398 dubio.
1744 4350 1777 4401 In
1791 4347 1847 4416 tege
1860 4347 1962 4402 dnbr'n.
1984 4351 2019 4402 In

374 4427 453 4480 Juiio
464 4421 598 4484 Caesare?
609 4436 629 4490 5.
644 4427 670 4480 1.
1239 4431 1389 4485 commissis
1400 4429 1581 4486 creditorum.
1600 4433 1636 4484 In
1653 4433 1761 4496 poena.
1782 4433 1816 4484 In
1836 4430 2022 4488 instrumentis

343 4509 481 4577 Angrntns
493 4508 557 4581 imp.
571 4507 800 4580 compendiofissi
809 4512 972 4570 introduxit.
984 4519 1005 4578 5.
1019 4513 1044 4567 6.
1240 4515 1401 4570 contrariis·
1417 4519 1448 4568 1n
1461 4529 1594 4568 consortis
1607 4515 1682 4570 dotis.
1695 4519 1731 4568 In
1745 4517 1862 4570 tributis.
1873 4517 1895 4582 §-
1908 4519 1951 4570 16.

342 4591 389 4643 De
406 4591 511 4646 Tiberio
523 4593 587 4662 imp.
599 4600 619 4656 5.
631 4595 658 4646 6.
1206 4598 1301 4652 Fiscus
1313 4599 1343 4652 in
1355 4598 1435 4651 tutis
1449 4613 1505 4650 non
1515 4597 1616 4669 gaudet
1631 4599 1784 4669 privilegis.
1801 4600 1857 4654 snt
1868 4601 1950 4656 utitur
1958 4604 2019 4673 jars

346 4675 508 4736 Vespasiani
517 4679 771 4748 angmentnmfisei.
783 4687 805 4744 ς.
819 4684 845 4735 7.
1241 4681 1388 4736 communi·
1402 4688 1424 4744 §-
1441 4681 1484 4733 19·

343 4759 474 4812 Aliorum
486 4763 562 4826 impp.
571 4765 679 4832 prosis.
694 4769 715 4825 5.
728 4767 755 4816 6.
1207 4765 1497 4821 Modestinissntsntt'n
1508 4765 1695 4822 examinator.
1706 4770 1729 4836 ς.
1742 4767 1787 4821 66.

343 4845 460 4898 Assorii
470 4861 552 4899 conss
564 4846 918 4918 sempsrfionrnbiis'sjirit.
936 4846 1158 4919 Quotnpiescsos·
1207 4851 1315 4906 Manita
1328 4853 1398 4904 airon
1409 4851 1492 4904 verbo
1503 4851 1656 4906 stotesnnt.
1669 4859 1691 4914 5.
1704 4854 1749 4906 tt.

378 4927 439 4980 rit?
461 4930 610 5004 Vectigalia
630 4931 817 5002 centuplicia?
834 4935 949 4988 Asturii
964 4945 992 4989 st
1004 4935 1077 5007 fisci
1089 4934 1158 5005 fers
1208 4941 1256 4990 An
1269 4937 1437 4991 Motesstnns
1448 4933 1558 4991 desciis
1570 4935 1804 5006 remansissent?
1820 4943 1841 5000 5.
1853 4935 1897 4992 22.

380 5010 462 5063 iidem
474 5024 630 5081 proventus.
641 5020 664 5076 5.
676 5014 702 5065 9.
1208 5025 1255 5076 An
1271 5021 1396 5076 tatinus·
1409 5021 1453 5076 isio
1465 5039 1483 5073 o
1494 5021 1573 5093 qnasi
1584 5020 1682 5075 delicto
1701 5022 1906 5090 separandum.
1933 5026 2023 5092 Quos·

344 5091 492 5148 Aerarium
504 5115 523 5150 n
532 5093 607 5166 fisco
620 5096 773 5152 distinctum
793 5098 910 5153 mansit·
931 5099 1047 5156 Aerarii
1065 5111 1159 5158 tomen
1242 5107 1295 5159 stin
1307 5123 1343 5158 nn
1356 5105 1401 5159 liic
1411 5115 1550 5161 torturam
1564 5105 1694 5160 &notati
1705 5107 1728 5173 ς.
1741 5107 1775 5158 2³

379 5175 532 5234 dornininrn¹
539 5179 708 5248 principibus
718 5183 875 5252 quaesitam.
894 5180 918 5255 ᾖ.
933 5185 977 5238 10.
1210 5187 1343 5244 Rationes
1361 5205 1446 5261 qnare
1466 5189 1484 5243 t.
1503 5191 1544 5242 10.
1555 5187 1598 5260 ff.
1616 5188 1650 5243 ds
1660 5189 1791 5263 jonfiss.
1812 5192 2021 5262 restringendo.

345 5259 497 5334 Fisroir'uns
507 5261 659 5322 reddituum
672 5267 751 5320 leodis
762 5267 848 5322 latior
857 5269 983 5322 ambitos.
993 5269 1016 5336 §.
1025 5271 1070 5322 11.
1245 5277 1266 5334 5.
1280 5270 1323 5324 21.

347 5346 489 5431 Fissus-st
501 5348 612 5402 serario
621 5351 735 5407 stlsodis
750 5353 912 5426 qnondms
923 5363 1071 5420 separatur.
1082 5358 1105 5416 5.
1113 5351 1156 5405 12
1207 5354 1396 5420 tte'spondsmr
1407 5355 1445 5412 od
1455 5354 1485 5410 id
1488 5355 1577 5428 ‚qnod
1583 5353 1674 5428 fissas
1685 5357 1751 5431 jore
1761 5358 1902 5414 communi
1913 5369 2019 5414 uratur.

287 5474 318 5490 ,,.
344 5409 736 5520 ‘Drstggsmprooinssniinm
750 5438 868 5492 aerario.
882 5439 906 5506 §.
921 5440 963 5490 16.
1243 5449 1265 5505 5.
1281 5442 1323 5494 at.
1433 5496 1436 5502 ,

348 5509 606 5589 Cdme'rn'prtncipis
625 5537 700 5576 mern
708 5519 824 5594 fiscoti's
845 5539 902 5580 non
924 5520 1063 5580 continet.
1084 5520 1161 5578 Fisn‘
1209 5527 1338 5584 Cessante
1347 5521 1489 5594 privitsgio
1502 5541 1539 5580 sss
1550 5524 1645 5598 prosto
1654 5541 1709 5580 non
1721 5541 1788 5580 mos
1798 5525 1890 5582 odium
1901 5525 1955 5582 stit
1962 5527 2024 5582 torn

342 5668 346 5676 y
370 5600 530 5678 ''fissos-sistis.
543 5610 563 5667 5.
579 5603 620 5657 tt.
1179 5597 1186 5703 Ι
1243 5605 1409 5678 vindicat}
1424 5607 1467 5660 26.
