<?xml version="1.0" encoding="UTF-8"?>
<!DOCTYPE html PUBLIC "-//W3C//DTD XHTML 1.0 Transitional//EN"
    "http://www.w3.org/TR/xhtml1/DTD/xhtml1-transitional.dtd">
<html xmlns="http://www.w3.org/1999/xhtml" xml:lang="en" lang="en">
 <head>
  <title>
</title>
<meta http-equiv="Content-Type" content="text/html;charset=utf-8" />
  <meta name='ocr-system' content='tesseract 3.04.00' />
  <meta name='ocr-capabilities' content='ocr_page ocr_carea ocr_par ocr_line ocrx_word'/>
</head>
<body>
  <div class='ocr_page' id='page_1' title='image "./samuelisstrykii00schogoog_0124.png"; bbox 0 0 4444 6214; ppageno 0'>
   <div class='ocr_carea' id='block_1_1' title="bbox 768 337 1689 450">
    <p class='ocr_par' dir='ltr' id='par_1_1' title="bbox 768 337 1689 450">
     <span class='ocr_line' id='line_1_1' title="bbox 768 337 1689 450; baseline -0.017 0"><span class='ocrx_word' id='word_1_1' title='bbox 768 365 1306 450; x_wconf 75' lang='lat' dir='ltr'><strong>orsaorsa-ro</strong></span> <span class='ocrx_word' id='word_1_2' title='bbox 1357 355 1573 440; x_wconf 76' lang='lat' dir='ltr'><strong>unus</strong></span> <span class='ocrx_word' id='word_1_3' title='bbox 1639 337 1689 450; x_wconf 64' lang='lat' dir='ltr'><strong>J</strong></span> 
     </span>
    </p>
   </div>
   <div class='ocr_carea' id='block_1_2' title="bbox 524 539 1732 704">
    <p class='ocr_par' dir='ltr' id='par_1_2' title="bbox 524 539 1732 704">
     <span class='ocr_line' id='line_1_2' title="bbox 524 539 1732 704; baseline -0.021 0"><span class='ocrx_word' id='word_1_4' title='bbox 524 539 690 702; x_wconf 59' lang='lat' dir='ltr'><strong>&#39;uu</strong></span> <span class='ocrx_word' id='word_1_5' title='bbox 743 579 1072 701; x_wconf 78' lang='lat' dir='ltr'><strong>seusu</strong></span> <span class='ocrx_word' id='word_1_6' title='bbox 1125 571 1732 704; x_wconf 18' lang='lat' dir='ltr'><strong>unauna-uua.</strong></span> 
     </span>
    </p>
   </div>
   <div class='ocr_carea' id='block_1_3' title="bbox 984 805 1356 862">
    <p class='ocr_par' dir='ltr' id='par_1_3' title="bbox 984 805 1356 862">
     <span class='ocr_line' id='line_1_3' title="bbox 984 805 1356 862; baseline -0.016 0"><span class='ocrx_word' id='word_1_7' title='bbox 984 821 1015 862; x_wconf 84' lang='lat' dir='ltr'><strong>n.</strong></span> <span class='ocrx_word' id='word_1_8' title='bbox 1047 805 1132 862; x_wconf 81' lang='lat' dir='ltr'><strong>sdan</strong></span> <span class='ocrx_word' id='word_1_9' title='bbox 1163 808 1195 858; x_wconf 75' lang='grc' dir='ltr'><strong>Δ.</strong></span> <span class='ocrx_word' id='word_1_10' title='bbox 1219 815 1356 858; x_wconf 84' lang='lat' dir='ltr'><strong>rrncxcr.</strong></span> 
     </span>
    </p>
   </div>
   <div class='ocr_carea' id='block_1_4' title="bbox 1016 987 1324 1044">
    <p class='ocr_par' dir='ltr' id='par_1_4' title="bbox 1016 987 1324 1044">
     <span class='ocr_line' id='line_1_4' title="bbox 1016 987 1324 1044; baseline -0.006 -2"><span class='ocrx_word' id='word_1_11' title='bbox 1016 987 1083 1044; x_wconf 80' lang='lat' dir='ltr'><strong>rs&#39;o</strong></span> <span class='ocrx_word' id='word_1_12' title='bbox 1107 1001 1324 1044; x_wconf 76' lang='lat' dir='ltr'><strong>ererum.</strong></span> 
     </span>
    </p>
   </div>
   <div class='ocr_carea' id='block_1_5' title="bbox 663 1167 1669 1287">
    <p class='ocr_par' dir='ltr' id='par_1_5' title="bbox 663 1167 1669 1287">
     <span class='ocr_line' id='line_1_5' title="bbox 663 1167 1669 1287; baseline -0.018 -36"><span class='ocrx_word' id='word_1_13' title='bbox 663 1177 774 1251; x_wconf 85' lang='lat' dir='ltr'><strong>OTO.</strong></span> <span class='ocrx_word' id='word_1_14' title='bbox 798 1173 1058 1246; x_wconf 75' lang='lat' dir='ltr'><strong>Fatutttuoo</strong></span> <span class='ocrx_word' id='word_1_15' title='bbox 1081 1173 1288 1258; x_wconf 76' lang='lat' dir='ltr'><strong>ltttouttE,</strong></span> <span class='ocrx_word' id='word_1_16' title='bbox 1312 1167 1669 1287; x_wconf 70' lang='lat' dir='ltr'><strong>utne-utantur.</strong></span> 
     </span>
    </p>
   </div>
   <div class='ocr_carea' id='block_1_6' title="bbox 906 1451 1446 1500">
    <p class='ocr_par' dir='ltr' id='par_1_6' title="bbox 906 1451 1446 1500">
     <span class='ocr_line' id='line_1_6' title="bbox 906 1451 1446 1500; baseline -0.015 4"><span class='ocrx_word' id='word_1_17' title='bbox 906 1451 1446 1500; x_wconf 58' lang='lat' dir='ltr'><em>w</em></span> 
     </span>
    </p>
   </div>
   <div class='ocr_carea' id='block_1_7' title="bbox 995 1687 1352 1758">
    <p class='ocr_par' dir='ltr' id='par_1_7' title="bbox 995 1687 1352 1758">
     <span class='ocr_line' id='line_1_7' title="bbox 995 1687 1352 1758; baseline -0.003 -1"><span class='ocrx_word' id='word_1_18' title='bbox 995 1687 1352 1758; x_wconf 78' lang='lat' dir='ltr'><strong>INGRESSUS.</strong></span> 
     </span>
    </p>
   </div>
   <div class='ocr_carea' id='block_1_8' title="bbox 322 1823 2023 4129">
    <p class='ocr_par' dir='ltr' id='par_1_8' title="bbox 322 1823 2023 4129">
     <span class='ocr_line' id='line_1_8' title="bbox 332 1823 2014 1972; baseline -0.011 -13"><span class='ocrx_word' id='word_1_19' title='bbox 332 1823 378 1970; x_wconf 82' lang='lat' dir='ltr'>J</span> <span class='ocrx_word' id='word_1_20' title='bbox 384 1890 487 1958; x_wconf 85' lang='lat' dir='ltr'><strong>udicis</strong></span> <span class='ocrx_word' id='word_1_21' title='bbox 508 1881 656 1954; x_wconf 80' lang='lat' dir='ltr'><strong>officium</strong></span> <span class='ocrx_word' id='word_1_22' title='bbox 681 1885 717 1950; x_wconf 88' lang='lat' dir='ltr'><strong>in</strong></span> <span class='ocrx_word' id='word_1_23' title='bbox 739 1881 930 1950; x_wconf 75' lang='lat' dir='ltr'><strong>decidendis</strong></span> <span class='ocrx_word' id='word_1_24' title='bbox 961 1879 1105 1972; x_wconf 90' lang='lat' dir='ltr'><strong>partium</strong></span> <span class='ocrx_word' id='word_1_25' title='bbox 1137 1878 1364 1949; x_wconf 84' lang='lat' dir='ltr'><strong>controversiis</strong></span> <span class='ocrx_word' id='word_1_26' title='bbox 1394 1879 1435 1946; x_wconf 85' lang='lat' dir='ltr'><strong>ed</strong></span> <span class='ocrx_word' id='word_1_27' title='bbox 1458 1877 1580 1946; x_wconf 87' lang='lat' dir='ltr'><strong>limites</strong></span> <span class='ocrx_word' id='word_1_28' title='bbox 1605 1894 1710 1945; x_wconf 85' lang='lat' dir='ltr'><strong>motae</strong></span> <span class='ocrx_word' id='word_1_29' title='bbox 1737 1875 1872 1944; x_wconf 83' lang='lat' dir='ltr'><strong>aetionis</strong></span> <span class='ocrx_word' id='word_1_30' title='bbox 1895 1873 2014 1942; x_wconf 79' lang='lat' dir='ltr'><strong>adstri-</strong></span> 
     </span>
     <span class='ocr_line' id='line_1_9' title="bbox 333 1961 2015 2068; baseline -0.012 -15"><span class='ocrx_word' id='word_1_31' title='bbox 333 2001 422 2053; x_wconf 83' lang='lat' dir='ltr'><strong>ctum</strong></span> <span class='ocrx_word' id='word_1_32' title='bbox 448 2002 534 2060; x_wconf 84' lang='lat' dir='ltr'><strong>esre,</strong></span> <span class='ocrx_word' id='word_1_33' title='bbox 557 1977 656 2068; x_wconf 82' lang='lat' dir='ltr'><strong>vulgo</strong></span> <span class='ocrx_word' id='word_1_34' title='bbox 682 1983 821 2042; x_wconf 82' lang='lat' dir='ltr'><strong>constat:</strong></span> <span class='ocrx_word' id='word_1_35' title='bbox 847 1975 938 2038; x_wconf 87' lang='lat' dir='ltr'><strong>undo</strong></span> <span class='ocrx_word' id='word_1_36' title='bbox 969 1973 1152 2039; x_wconf 84' lang='lat' dir='ltr'><strong>Jarolenus</strong></span> <span class='ocrx_word' id='word_1_37' title='bbox 1176 1973 1210 2036; x_wconf 94' lang='lat' dir='ltr'><strong>in</strong></span> <span class='ocrx_word' id='word_1_38' title='bbox 1236 1973 1260 2038; x_wconf 84' lang='lat' dir='ltr'><strong>l.</strong></span> <span class='ocrx_word' id='word_1_39' title='bbox 1289 1970 1339 2036; x_wconf 86' lang='lat'><strong>18.</strong></span> <span class='ocrx_word' id='word_1_40' title='bbox 1352 1969 1401 2059; x_wconf 78' lang='lat' dir='ltr'><strong>ff.</strong></span> <span class='ocrx_word' id='word_1_41' title='bbox 1427 1994 1549 2038; x_wconf 84' lang='lat' dir='ltr'><strong>comm.</strong></span> <span class='ocrx_word' id='word_1_42' title='bbox 1580 1961 1768 2036; x_wconf 75' lang='lat' dir='ltr'><strong>dividundo</strong></span> <span class='ocrx_word' id='word_1_43' title='bbox 1798 1991 1854 2056; x_wconf 91' lang='lat' dir='ltr'><strong>per</strong></span> <span class='ocrx_word' id='word_1_44' title='bbox 1880 1963 2015 2032; x_wconf 83' lang='lat' dir='ltr'><strong>modurn</strong></span> 
     </span>
     <span class='ocr_line' id='line_1_10' title="bbox 336 2054 2017 2171; baseline -0.01 -33"><span class='ocrx_word' id='word_1_45' title='bbox 336 2079 492 2144; x_wconf 84' lang='lat' dir='ltr'><strong>immotae</strong></span> <span class='ocrx_word' id='word_1_46' title='bbox 516 2067 648 2171; x_wconf 88' lang='lat' dir='ltr'><strong>regulae</strong></span> <span class='ocrx_word' id='word_1_47' title='bbox 672 2065 854 2154; x_wconf 87' lang='lat' dir='ltr'><strong>respoudit:</strong></span> <span class='ocrx_word' id='word_1_48' title='bbox 878 2055 973 2132; x_wconf 80' lang='lat' dir='ltr'><strong>ultra</strong></span> <span class='ocrx_word' id='word_1_49' title='bbox 998 2062 1055 2142; x_wconf 86' lang='lat' dir='ltr'><strong>id,</strong></span> <span class='ocrx_word' id='word_1_50' title='bbox 1078 2057 1169 2156; x_wconf 80' lang='lat' dir='ltr'><strong>quod</strong></span> <span class='ocrx_word' id='word_1_51' title='bbox 1202 2065 1239 2128; x_wconf 87' lang='lat' dir='ltr'><strong>in</strong></span> <span class='ocrx_word' id='word_1_52' title='bbox 1265 2059 1442 2152; x_wconf 81' lang='lat' dir='ltr'><strong>judiciam</strong></span> <span class='ocrx_word' id='word_1_53' title='bbox 1463 2057 1642 2128; x_wconf 79' lang='lat' dir='ltr'><strong>deductrtm</strong></span> <span class='ocrx_word' id='word_1_54' title='bbox 1673 2073 1741 2139; x_wconf 86' lang='lat' dir='ltr'><strong>est,</strong></span> <span class='ocrx_word' id='word_1_55' title='bbox 1764 2054 1928 2126; x_wconf 78' lang='lat' dir='ltr'><strong>excedere</strong></span> <span class='ocrx_word' id='word_1_56' title='bbox 1955 2081 2017 2147; x_wconf 86' lang='lat' dir='ltr'><strong>po-</strong></span> 
     </span>
     <span class='ocr_line' id='line_1_11' title="bbox 331 2146 2017 2251; baseline -0.015 -18"><span class='ocrx_word' id='word_1_57' title='bbox 331 2158 582 2251; x_wconf 82' lang='lat' dir='ltr'><strong>testasjudiors</strong></span> <span class='ocrx_word' id='word_1_58' title='bbox 605 2179 672 2220; x_wconf 85' lang='lat' dir='ltr'><strong>uon</strong></span> <span class='ocrx_word' id='word_1_59' title='bbox 694 2169 818 2244; x_wconf 85' lang='lat' dir='ltr'><strong>potest.</strong></span> <span class='ocrx_word' id='word_1_60' title='bbox 838 2153 988 2242; x_wconf 77' lang='lat' dir='ltr'><strong>¹Verum,</strong></span> <span class='ocrx_word' id='word_1_61' title='bbox 1011 2177 1088 2220; x_wconf 88' lang='lat' dir='ltr'><strong>cum</strong></span> <span class='ocrx_word' id='word_1_62' title='bbox 1114 2152 1213 2218; x_wconf 85' lang='lat' dir='ltr'><strong>multo</strong></span> <span class='ocrx_word' id='word_1_63' title='bbox 1238 2153 1321 2231; x_wconf 87' lang='lat' dir='ltr'><strong>sint,</strong></span> <span class='ocrx_word' id='word_1_64' title='bbox 1345 2175 1433 2241; x_wconf 85' lang='lat' dir='ltr'><strong>quae</strong></span> <span class='ocrx_word' id='word_1_65' title='bbox 1457 2151 1499 2216; x_wconf 85' lang='lat' dir='ltr'><strong>ab</strong></span> <span class='ocrx_word' id='word_1_66' title='bbox 1523 2152 1620 2214; x_wconf 88' lang='lat' dir='ltr'><strong>initio</strong></span> <span class='ocrx_word' id='word_1_67' title='bbox 1645 2146 1712 2234; x_wconf 81' lang='lat' dir='ltr'><strong>litis</strong></span> <span class='ocrx_word' id='word_1_68' title='bbox 1743 2146 1931 2236; x_wconf 72' lang='lat' dir='ltr'><strong>praevideri</strong></span> <span class='ocrx_word' id='word_1_69' title='bbox 1958 2170 2017 2212; x_wconf 85' lang='lat' dir='ltr'><strong>nec</strong></span> 
     </span>
     <span class='ocr_line' id='line_1_12' title="bbox 334 2237 2016 2346; baseline -0.012 -24"><span class='ocrx_word' id='word_1_70' title='bbox 334 2278 352 2322; x_wconf 80' lang='lat' dir='ltr'><strong>s</strong></span> <span class='ocrx_word' id='word_1_71' title='bbox 378 2253 505 2346; x_wconf 83' lang='lat' dir='ltr'><strong>judice,</strong></span> <span class='ocrx_word' id='word_1_72' title='bbox 530 2269 589 2311; x_wconf 90' lang='lat' dir='ltr'><strong>nec</strong></span> <span class='ocrx_word' id='word_1_73' title='bbox 612 2268 628 2308; x_wconf 87' lang='lat' dir='ltr'><strong>a</strong></span> <span class='ocrx_word' id='word_1_74' title='bbox 655 2263 746 2334; x_wconf 89' lang='lat' dir='ltr'><strong>parte</strong></span> <span class='ocrx_word' id='word_1_75' title='bbox 770 2257 926 2335; x_wconf 75' lang='lat' dir='ltr'>possunt,</span> <span class='ocrx_word' id='word_1_76' title='bbox 950 2243 1032 2308; x_wconf 93' lang='lat' dir='ltr'><strong>dum</strong></span> <span class='ocrx_word' id='word_1_77' title='bbox 1059 2242 1107 2310; x_wconf 87' lang='lat' dir='ltr'><strong>rel</strong></span> <span class='ocrx_word' id='word_1_78' title='bbox 1131 2242 1265 2308; x_wconf 85' lang='lat' dir='ltr'><strong>demum</strong></span> <span class='ocrx_word' id='word_1_79' title='bbox 1291 2259 1375 2306; x_wconf 88' lang='lat' dir='ltr'><strong>mota</strong></span> <span class='ocrx_word' id='word_1_80' title='bbox 1400 2240 1458 2306; x_wconf 87' lang='lat' dir='ltr'><strong>lite</strong></span> <span class='ocrx_word' id='word_1_81' title='bbox 1481 2251 1674 2330; x_wconf 85' lang='lat' dir='ltr'><strong>emergunt,</strong></span> <span class='ocrx_word' id='word_1_82' title='bbox 1701 2239 1751 2305; x_wconf 86' lang='lat' dir='ltr'><strong>rel</strong></span> <span class='ocrx_word' id='word_1_83' title='bbox 1775 2237 1919 2304; x_wconf 77' lang='lat' dir='ltr'><strong>durante</strong></span> <span class='ocrx_word' id='word_1_84' title='bbox 1942 2259 2016 2327; x_wconf 88' lang='lat' dir='ltr'><strong>pro·</strong></span> 
     </span>
     <span class='ocr_line' id='line_1_13' title="bbox 332 2329 2018 2423; baseline -0.013 -9"><span class='ocrx_word' id='word_1_85' title='bbox 332 2368 422 2414; x_wconf 79' lang='lat' dir='ltr'><strong>cassu</strong></span> <span class='ocrx_word' id='word_1_86' title='bbox 446 2337 618 2417; x_wconf 89' lang='lat' dir='ltr'><strong>incidunt,</strong></span> <span class='ocrx_word' id='word_1_87' title='bbox 642 2333 758 2400; x_wconf 89' lang='lat' dir='ltr'><strong>borum</strong></span> <span class='ocrx_word' id='word_1_88' title='bbox 785 2336 868 2406; x_wconf 81' lang='lat' dir='ltr'><strong>ratio</strong></span> <span class='ocrx_word' id='word_1_89' title='bbox 893 2337 1015 2423; x_wconf 86' lang='lat' dir='ltr'><strong>pariter</strong></span> <span class='ocrx_word' id='word_1_90' title='bbox 1045 2329 1196 2399; x_wconf 86' lang='lat' dir='ltr'><strong>habenda</strong></span> <span class='ocrx_word' id='word_1_91' title='bbox 1222 2333 1300 2396; x_wconf 87' lang='lat' dir='ltr'><strong>erit:</strong></span> <span class='ocrx_word' id='word_1_92' title='bbox 1323 2355 1422 2422; x_wconf 90' lang='lat' dir='ltr'><strong>quam</strong></span> <span class='ocrx_word' id='word_1_93' title='bbox 1448 2329 1494 2394; x_wconf 90' lang='lat' dir='ltr'><strong>ob</strong></span> <span class='ocrx_word' id='word_1_94' title='bbox 1522 2353 1651 2396; x_wconf 84' lang='lat' dir='ltr'><strong>causam</strong></span> <span class='ocrx_word' id='word_1_95' title='bbox 1685 2352 1750 2396; x_wconf 90' lang='lat' dir='ltr'><strong>non</strong></span> <span class='ocrx_word' id='word_1_96' title='bbox 1785 2341 1915 2392; x_wconf 85' lang='lat' dir='ltr'><strong>tantum</strong></span> <span class='ocrx_word' id='word_1_97' title='bbox 1948 2330 2018 2419; x_wconf 85' lang='lat' dir='ltr'><strong>juro</strong></span> 
     </span>
     <span class='ocr_line' id='line_1_14' title="bbox 332 2418 2014 2516; baseline -0.01 -15"><span class='ocrx_word' id='word_1_98' title='bbox 332 2431 427 2502; x_wconf 83' lang='lat' dir='ltr'><strong>cirili</strong></span> <span class='ocrx_word' id='word_1_99' title='bbox 453 2425 630 2494; x_wconf 77' lang='lat' dir='ltr'><strong>incidentia</strong></span> <span class='ocrx_word' id='word_1_100' title='bbox 656 2422 756 2490; x_wconf 83' lang='lat' dir='ltr'><strong>etiam</strong></span> <span class='ocrx_word' id='word_1_101' title='bbox 780 2422 899 2514; x_wconf 85' lang='lat' dir='ltr'><strong>judicis</strong></span> <span class='ocrx_word' id='word_1_102' title='bbox 921 2422 1101 2516; x_wconf 79' lang='lat' dir='ltr'><strong>cognitioni</strong></span> <span class='ocrx_word' id='word_1_103' title='bbox 1125 2423 1398 2499; x_wconf 86' lang='lat' dir='ltr'><strong>committuntur,</strong></span> <span class='ocrx_word' id='word_1_104' title='bbox 1422 2420 1507 2486; x_wconf 87' lang='lat' dir='ltr'><strong>sicut</strong></span> <span class='ocrx_word' id='word_1_105' title='bbox 1532 2420 1687 2487; x_wconf 86' lang='lat' dir='ltr'><strong>solemnis</strong></span> <span class='ocrx_word' id='word_1_106' title='bbox 1719 2433 1825 2485; x_wconf 84' lang='lat' dir='ltr'><strong>textus</strong></span> <span class='ocrx_word' id='word_1_107' title='bbox 1854 2431 1903 2482; x_wconf 86' lang='lat' dir='ltr'><strong>est</strong></span> <span class='ocrx_word' id='word_1_108' title='bbox 1927 2418 1962 2482; x_wconf 91' lang='lat' dir='ltr'><strong>io</strong></span> <span class='ocrx_word' id='word_1_109' title='bbox 1987 2420 2014 2486; x_wconf 84' lang='lat' dir='ltr'><strong>i.</strong></span> 
     </span>
     <span class='ocr_line' id='line_1_15' title="bbox 329 2507 2018 2606; baseline -0.005 -22"><span class='ocrx_word' id='word_1_110' title='bbox 329 2547 368 2590; x_wconf 88' lang='grc' dir='ltr'><strong>,ι.</strong></span> <span class='ocrx_word' id='word_1_111' title='bbox 392 2547 421 2590; x_wconf 84' lang='lat' dir='ltr'><strong>c.</strong></span> <span class='ocrx_word' id='word_1_112' title='bbox 444 2517 487 2584; x_wconf 83' lang='lat' dir='ltr'><strong>de</strong></span> <span class='ocrx_word' id='word_1_113' title='bbox 510 2515 600 2606; x_wconf 66' lang='lat' dir='ltr'><strong>effic.</strong></span> <span class='ocrx_word' id='word_1_114' title='bbox 622 2528 702 2580; x_wconf 82' lang='lat' dir='ltr'><strong>reor.</strong></span> <span class='ocrx_word' id='word_1_115' title='bbox 721 2513 887 2604; x_wconf 81' lang='lat' dir='ltr'><strong>provinc.</strong></span> <span class='ocrx_word' id='word_1_116' title='bbox 914 2515 972 2578; x_wconf 88' lang='lat' dir='ltr'><strong>ubi</strong></span> <span class='ocrx_word' id='word_1_117' title='bbox 998 2513 1070 2584; x_wconf 85' lang='lat' dir='ltr'><strong>salsi</strong></span> <span class='ocrx_word' id='word_1_118' title='bbox 1094 2535 1223 2576; x_wconf 77' lang='lat' dir='ltr'><strong>catarum</strong></span> <span class='ocrx_word' id='word_1_119' title='bbox 1240 2533 1434 2602; x_wconf 84' lang='lat' dir='ltr'><strong>cognoscens</strong></span> <span class='ocrx_word' id='word_1_120' title='bbox 1459 2533 1586 2602; x_wconf 80' lang='lat' dir='ltr'><strong>praeses</strong></span> <span class='ocrx_word' id='word_1_121' title='bbox 1603 2511 1810 2599; x_wconf 81' lang='lat' dir='ltr'><strong>provinciae,</strong></span> <span class='ocrx_word' id='word_1_122' title='bbox 1827 2507 2018 2578; x_wconf 81' lang='lat' dir='ltr'><strong>incidenter·</strong></span> 
     </span>
     <span class='ocr_line' id='line_1_16' title="bbox 332 2597 2017 2701; baseline -0.006 -24"><span class='ocrx_word' id='word_1_123' title='bbox 332 2611 557 2701; x_wconf 78' lang='lat' dir='ltr'><strong>proprietatis</strong></span> <span class='ocrx_word' id='word_1_124' title='bbox 581 2605 810 2697; x_wconf 85' lang='lat' dir='ltr'><strong>quaestionem</strong></span> <span class='ocrx_word' id='word_1_125' title='bbox 834 2603 991 2670; x_wconf 82' lang='lat' dir='ltr'><strong>dirimere</strong></span> <span class='ocrx_word' id='word_1_126' title='bbox 1016 2616 1131 2692; x_wconf 90' lang='lat' dir='ltr'><strong>potest.</strong></span> <span class='ocrx_word' id='word_1_127' title='bbox 1158 2599 1202 2666; x_wconf 91' lang='lat' dir='ltr'><strong>Et</strong></span> <span class='ocrx_word' id='word_1_128' title='bbox 1226 2603 1259 2665; x_wconf 88' lang='lat' dir='ltr'><strong>in</strong></span> <span class='ocrx_word' id='word_1_129' title='bbox 1285 2603 1307 2668; x_wconf 89' lang='lat' dir='ltr'><strong>l.</strong></span> <span class='ocrx_word' id='word_1_130' title='bbox 1337 2625 1366 2666; x_wconf 85' lang='lat' dir='ltr'><strong>r.</strong></span> <span class='ocrx_word' id='word_1_131' title='bbox 1399 2625 1427 2669; x_wconf 86' lang='lat' dir='ltr'><strong>o.</strong></span> <span class='ocrx_word' id='word_1_132' title='bbox 1453 2599 1496 2668; x_wconf 84' lang='lat' dir='ltr'><strong>de</strong></span> <span class='ocrx_word' id='word_1_133' title='bbox 1528 2597 1602 2667; x_wconf 83' lang='lat' dir='ltr'><strong>ord.</strong></span> <span class='ocrx_word' id='word_1_134' title='bbox 1622 2597 1735 2691; x_wconf 84' lang='lat' dir='ltr'><strong>judie.</strong></span> <span class='ocrx_word' id='word_1_135' title='bbox 1762 2597 1901 2664; x_wconf 67' lang='lat' dir='ltr'><strong>diritate</strong></span> <span class='ocrx_word' id='word_1_136' title='bbox 1924 2603 2017 2691; x_wconf 90' lang='lat' dir='ltr'><strong>quod</strong></span> 
     </span>
     <span class='ocr_line' id='line_1_17' title="bbox 340 2689 2016 2790; baseline -0.007 -24"><span class='ocrx_word' id='word_1_137' title='bbox 340 2702 384 2780; x_wconf 91' lang='lat' dir='ltr'><strong>is,</strong></span> <span class='ocrx_word' id='word_1_138' title='bbox 408 2699 467 2790; x_wconf 92' lang='lat' dir='ltr'><strong>qui</strong></span> <span class='ocrx_word' id='word_1_139' title='bbox 492 2695 534 2761; x_wconf 89' lang='lat' dir='ltr'><strong>de</strong></span> <span class='ocrx_word' id='word_1_140' title='bbox 557 2692 758 2760; x_wconf 84' lang='lat' dir='ltr'><strong>haereditate</strong></span> <span class='ocrx_word' id='word_1_141' title='bbox 781 2717 818 2759; x_wconf 90' lang='lat' dir='ltr'><strong>co</strong></span> <span class='ocrx_word' id='word_1_142' title='bbox 843 2692 962 2775; x_wconf 85' lang='lat' dir='ltr'><strong>noscit,</strong></span> <span class='ocrx_word' id='word_1_143' title='bbox 986 2694 1182 2760; x_wconf 78' lang='lat' dir='ltr'><strong>universam</strong></span> <span class='ocrx_word' id='word_1_144' title='bbox 1206 2691 1409 2758; x_wconf 80' lang='lat' dir='ltr'><strong>incidentem</strong></span> <span class='ocrx_word' id='word_1_145' title='bbox 1434 2691 1665 2780; x_wconf 78' lang='lat' dir='ltr'><strong>quaestionem</strong></span> <span class='ocrx_word' id='word_1_146' title='bbox 1691 2691 1790 2780; x_wconf 85' lang='lat' dir='ltr'><strong>possit</strong></span> <span class='ocrx_word' id='word_1_147' title='bbox 1812 2689 2016 2780; x_wconf 76' lang='lat' dir='ltr'><strong>examinare3</strong></span> 
     </span>
     <span class='ocr_line' id='line_1_18' title="bbox 331 2713 2017 2874; baseline -0.004 -20"><span class='ocrx_word' id='word_1_148' title='bbox 331 2790 395 2854; x_wconf 84' lang='lat' dir='ltr'><strong>sed</strong></span> <span class='ocrx_word' id='word_1_149' title='bbox 420 2807 453 2854; x_wconf 87' lang='lat' dir='ltr'><strong>et</strong></span> <span class='ocrx_word' id='word_1_150' title='bbox 475 2788 546 2874; x_wconf 87' lang='lat' dir='ltr'><strong>jure</strong></span> <span class='ocrx_word' id='word_1_151' title='bbox 568 2782 727 2848; x_wconf 83' lang='lat' dir='ltr'><strong>canonico</strong></span> <span class='ocrx_word' id='word_1_152' title='bbox 751 2713 971 2847; x_wconf 80' lang='lat' dir='ltr'><strong>incidentium</strong></span> <span class='ocrx_word' id='word_1_153' title='bbox 996 2784 1227 2870; x_wconf 80' lang='lat' dir='ltr'><strong>quaestionum</strong></span> <span class='ocrx_word' id='word_1_154' title='bbox 1253 2784 1376 2871; x_wconf 88' lang='lat' dir='ltr'><strong>pariter</strong></span> <span class='ocrx_word' id='word_1_155' title='bbox 1399 2785 1482 2848; x_wconf 87' lang='lat' dir='ltr'><strong>ratio</strong></span> <span class='ocrx_word' id='word_1_156' title='bbox 1506 2781 1674 2864; x_wconf 88' lang='lat' dir='ltr'><strong>habenda,</strong></span> <span class='ocrx_word' id='word_1_157' title='bbox 1699 2775 1790 2846; x_wconf 76' lang='lat' dir='ltr'><strong>und‘e</strong></span> <span class='ocrx_word' id='word_1_158' title='bbox 1815 2781 1849 2845; x_wconf 90' lang='lat' dir='ltr'><strong>in</strong></span> <span class='ocrx_word' id='word_1_159' title='bbox 1875 2803 1903 2846; x_wconf 85' lang='lat' dir='ltr'><strong>o.</strong></span> <span class='ocrx_word' id='word_1_160' title='bbox 1923 2801 1953 2845; x_wconf 82' lang='lat' dir='ltr'><strong>a.</strong></span> <span class='ocrx_word' id='word_1_161' title='bbox 1980 2785 2017 2849; x_wconf 87' lang='lat' dir='ltr'><strong>ia</strong></span> 
     </span>
     <span class='ocr_line' id='line_1_19' title="bbox 322 2869 2017 2972; baseline -0.006 -34"><span class='ocrx_word' id='word_1_162' title='bbox 322 2879 391 2972; x_wconf 81' lang='lat' dir='ltr'><strong>fin.</strong></span> <span class='ocrx_word' id='word_1_163' title='bbox 416 2901 453 2944; x_wconf 68' lang='lat' dir='ltr'><strong>a.</strong></span> <span class='ocrx_word' id='word_1_164' title='bbox 475 2873 518 2939; x_wconf 87' lang='lat' dir='ltr'><strong>de</strong></span> <span class='ocrx_word' id='word_1_165' title='bbox 540 2871 618 2940; x_wconf 83' lang='lat' dir='ltr'><strong>ord.</strong></span> <span class='ocrx_word' id='word_1_166' title='bbox 642 2873 772 2959; x_wconf 82' lang='lat' dir='ltr'><strong>ruguit.</strong></span> <span class='ocrx_word' id='word_1_167' title='bbox 798 2871 949 2962; x_wconf 82' lang='lat' dir='ltr'><strong>quaestio</strong></span> <span class='ocrx_word' id='word_1_168' title='bbox 971 2869 1131 2936; x_wconf 77' lang='lat' dir='ltr'><strong>incidens</strong></span> <span class='ocrx_word' id='word_1_169' title='bbox 1153 2869 1295 2953; x_wconf 90' lang='lat' dir='ltr'><strong>dicitur,</strong></span> <span class='ocrx_word' id='word_1_170' title='bbox 1320 2871 1448 2962; x_wconf 87' lang='lat' dir='ltr'><strong>siquis</strong></span> <span class='ocrx_word' id='word_1_171' title='bbox 1480 2883 1592 2936; x_wconf 88' lang='lat' dir='ltr'><strong>testem</strong></span> <span class='ocrx_word' id='word_1_172' title='bbox 1628 2872 1663 2936; x_wconf 91' lang='lat' dir='ltr'><strong>iu</strong></span> <span class='ocrx_word' id='word_1_173' title='bbox 1690 2871 1915 2937; x_wconf 89' lang='lat' dir='ltr'><strong>testimouium</strong></span> <span class='ocrx_word' id='word_1_174' title='bbox 1942 2897 2017 2962; x_wconf 86' lang='lat' dir='ltr'><strong>pro.</strong></span> 
     </span>
     <span class='ocr_line' id='line_1_20' title="bbox 337 2959 2021 3052; baseline -0.005 -18"><span class='ocrx_word' id='word_1_175' title='bbox 337 2969 460 3044; x_wconf 83' lang='lat' dir='ltr'><strong>ducat,</strong></span> <span class='ocrx_word' id='word_1_176' title='bbox 483 2978 516 3028; x_wconf 87' lang='lat' dir='ltr'><strong>et</strong></span> <span class='ocrx_word' id='word_1_177' title='bbox 542 2961 590 3028; x_wconf 92' lang='lat' dir='ltr'><strong>illi</strong></span> <span class='ocrx_word' id='word_1_178' title='bbox 615 2963 742 3028; x_wconf 78' lang='lat' dir='ltr'><strong>crimen</strong></span> <span class='ocrx_word' id='word_1_179' title='bbox 767 2961 927 3028; x_wconf 74' lang='lat' dir='ltr'><strong>santosum</strong></span> <span class='ocrx_word' id='word_1_180' title='bbox 951 2973 1147 3052; x_wconf 88' lang='lat' dir='ltr'><strong>opponatur.</strong></span> <span class='ocrx_word' id='word_1_181' title='bbox 1171 2963 1239 3025; x_wconf 77' lang='lat' dir='ltr'><strong>Aut</strong></span> <span class='ocrx_word' id='word_1_182' title='bbox 1265 2964 1291 3026; x_wconf 89' lang='lat' dir='ltr'><strong>ei</strong></span> <span class='ocrx_word' id='word_1_183' title='bbox 1316 2964 1393 3050; x_wconf 88' lang='lat' dir='ltr'><strong>quis</strong></span> <span class='ocrx_word' id='word_1_184' title='bbox 1417 2973 1504 3050; x_wconf 86' lang='lat' dir='ltr'><strong>petat</strong></span> <span class='ocrx_word' id='word_1_185' title='bbox 1538 2959 1786 3041; x_wconf 87' lang='lat' dir='ltr'><strong>haereditatem,</strong></span> <span class='ocrx_word' id='word_1_186' title='bbox 1810 2984 1903 3025; x_wconf 81' lang='lat' dir='ltr'><strong>ceusu</strong></span> <span class='ocrx_word' id='word_1_187' title='bbox 1931 2977 2021 3030; x_wconf 86' lang='lat' dir='ltr'><strong>nata-</strong></span> 
     </span>
     <span class='ocr_line' id='line_1_21' title="bbox 340 3048 2022 3148; baseline -0.001 -25"><span class='ocrx_word' id='word_1_188' title='bbox 340 3059 427 3123; x_wconf 89' lang='lat' dir='ltr'><strong>lium</strong></span> <span class='ocrx_word' id='word_1_189' title='bbox 453 3056 605 3148; x_wconf 80' lang='lat' dir='ltr'><strong>quaestio</strong></span> <span class='ocrx_word' id='word_1_190' title='bbox 622 3048 778 3117; x_wconf 78' lang='lat' dir='ltr'><strong>incidens</strong></span> <span class='ocrx_word' id='word_1_191' title='bbox 801 3075 872 3116; x_wconf 89' lang='lat' dir='ltr'><strong>esee</strong></span> <span class='ocrx_word' id='word_1_192' title='bbox 895 3050 1022 3115; x_wconf 87' lang='lat' dir='ltr'><strong>dicitur</strong></span> <span class='ocrx_word' id='word_1_193' title='bbox 1044 3074 1073 3114; x_wconf 87' lang='lat' dir='ltr'><strong>e.</strong></span> <span class='ocrx_word' id='word_1_194' title='bbox 1100 3049 1132 3115; x_wconf 80' lang='grc'><strong>3.</strong></span> <span class='ocrx_word' id='word_1_195' title='bbox 1156 3076 1193 3116; x_wconf 80' lang='lat' dir='ltr'><strong>ae.</strong></span> <span class='ocrx_word' id='word_1_196' title='bbox 1216 3048 1259 3116; x_wconf 85' lang='lat' dir='ltr'><strong>de</strong></span> <span class='ocrx_word' id='word_1_197' title='bbox 1283 3051 1357 3117; x_wconf 82' lang='lat' dir='ltr'><strong>ord.</strong></span> <span class='ocrx_word' id='word_1_198' title='bbox 1382 3050 1506 3140; x_wconf 79' lang='lat' dir='ltr'><strong>cognit.</strong></span> <span class='ocrx_word' id='word_1_199' title='bbox 1531 3049 1743 3142; x_wconf 82' lang='lat' dir='ltr'><strong>Quapropter</strong></span> <span class='ocrx_word' id='word_1_200' title='bbox 1760 3049 1842 3140; x_wconf 90' lang='lat' dir='ltr'><strong>quid</strong></span> <span class='ocrx_word' id='word_1_201' title='bbox 1868 3053 1947 3120; x_wconf 86' lang='lat' dir='ltr'><strong>circa</strong></span> <span class='ocrx_word' id='word_1_202' title='bbox 1965 3055 2022 3122; x_wconf 85' lang='lat' dir='ltr'><strong>bes</strong></span> 
     </span>
     <span class='ocr_line' id='line_1_22' title="bbox 339 3141 2022 3232; baseline -0.001 -21"><span class='ocrx_word' id='word_1_203' title='bbox 339 3145 526 3213; x_wconf 84' lang='lat' dir='ltr'><strong>incidentes</strong></span> <span class='ocrx_word' id='word_1_204' title='bbox 549 3164 661 3207; x_wconf 84' lang='lat' dir='ltr'><strong>causus</strong></span> <span class='ocrx_word' id='word_1_205' title='bbox 683 3159 742 3204; x_wconf 85' lang='lat' dir='ltr'><strong>aut</strong></span> <span class='ocrx_word' id='word_1_206' title='bbox 765 3141 975 3231; x_wconf 80' lang='lat' dir='ltr'><strong>quaestiones</strong></span> <span class='ocrx_word' id='word_1_207' title='bbox 999 3141 1078 3229; x_wconf 87' lang='lat' dir='ltr'><strong>juris</strong></span> <span class='ocrx_word' id='word_1_208' title='bbox 1105 3142 1162 3221; x_wconf 89' lang='lat' dir='ltr'><strong>sit,</strong></span> <span class='ocrx_word' id='word_1_209' title='bbox 1186 3153 1216 3206; x_wconf 85' lang='lat' dir='ltr'><strong>et</strong></span> <span class='ocrx_word' id='word_1_210' title='bbox 1242 3165 1418 3232; x_wconf 85' lang='lat' dir='ltr'><strong>quousque</strong></span> <span class='ocrx_word' id='word_1_211' title='bbox 1445 3145 1480 3206; x_wconf 89' lang='lat' dir='ltr'><strong>in</strong></span> <span class='ocrx_word' id='word_1_212' title='bbox 1507 3141 1556 3206; x_wconf 80' lang='lat' dir='ltr'><strong>his</strong></span> <span class='ocrx_word' id='word_1_213' title='bbox 1583 3141 1699 3229; x_wconf 79' lang='lat' dir='ltr'><strong>judicis</strong></span> <span class='ocrx_word' id='word_1_214' title='bbox 1733 3155 1875 3230; x_wconf 82' lang='lat' dir='ltr'><strong>potestas</strong></span> <span class='ocrx_word' id='word_1_215' title='bbox 1905 3167 1938 3209; x_wconf 89' lang='lat' dir='ltr'><strong>se</strong></span> <span class='ocrx_word' id='word_1_216' title='bbox 1965 3170 2022 3210; x_wconf 81' lang='lat' dir='ltr'><strong>ex-</strong></span> 
     </span>
     <span class='ocr_line' id='line_1_23' title="bbox 337 3228 2021 3322; baseline 0.001 -22"><span class='ocrx_word' id='word_1_217' title='bbox 337 3232 471 3315; x_wconf 84' lang='lat' dir='ltr'><strong>tendat,</strong></span> <span class='ocrx_word' id='word_1_218' title='bbox 495 3253 563 3297; x_wconf 90' lang='lat' dir='ltr'><strong>non</strong></span> <span class='ocrx_word' id='word_1_219' title='bbox 588 3229 766 3319; x_wconf 87' lang='lat' dir='ltr'><strong>indiguum</strong></span> <span class='ocrx_word' id='word_1_220' title='bbox 791 3228 1030 3320; x_wconf 82' lang='lat' dir='ltr'><strong>disquisitione</strong></span> <span class='ocrx_word' id='word_1_221' title='bbox 1056 3229 1164 3295; x_wconf 88' lang='lat' dir='ltr'><strong>thema</strong></span> <span class='ocrx_word' id='word_1_222' title='bbox 1191 3233 1394 3306; x_wconf 83' lang='lat' dir='ltr'><strong>existimari,</strong></span> <span class='ocrx_word' id='word_1_223' title='bbox 1420 3233 1631 3321; x_wconf 86' lang='lat' dir='ltr'><strong>praesertim,</strong></span> <span class='ocrx_word' id='word_1_224' title='bbox 1656 3233 1745 3322; x_wconf 89' lang='lat' dir='ltr'><strong>quod</strong></span> <span class='ocrx_word' id='word_1_225' title='bbox 1778 3232 1868 3300; x_wconf 88' lang='lat' dir='ltr'><strong>illius</strong></span> <span class='ocrx_word' id='word_1_226' title='bbox 1893 3231 2021 3302; x_wconf 86' lang='lat' dir='ltr'><strong>diacus·</strong></span> 
     </span>
     <span class='ocr_line' id='line_1_24' title="bbox 341 3319 2018 3412; baseline -0.002 -20"><span class='ocrx_word' id='word_1_227' title='bbox 341 3327 466 3392; x_wconf 84' lang='lat' dir='ltr'><strong>sionem</strong></span> <span class='ocrx_word' id='word_1_228' title='bbox 492 3321 533 3388; x_wconf 88' lang='lat' dir='ltr'><strong>ab</strong></span> <span class='ocrx_word' id='word_1_229' title='bbox 557 3321 671 3412; x_wconf 89' lang='lat' dir='ltr'><strong>aliquo</strong></span> <span class='ocrx_word' id='word_1_230' title='bbox 695 3333 878 3406; x_wconf 87' lang='lat' dir='ltr'><strong>susceptam</strong></span> <span class='ocrx_word' id='word_1_231' title='bbox 904 3341 1062 3384; x_wconf 86' lang='lat' dir='ltr'><strong>essenon</strong></span> <span class='ocrx_word' id='word_1_232' title='bbox 1088 3319 1344 3387; x_wconf 81' lang='lat' dir='ltr'><strong>observaverim.</strong></span> <span class='ocrx_word' id='word_1_233' title='bbox 1369 3322 1425 3388; x_wconf 90' lang='lat' dir='ltr'><strong>Ob</strong></span> <span class='ocrx_word' id='word_1_234' title='bbox 1457 3321 1540 3386; x_wconf 85' lang='lat' dir='ltr'><strong>hauc</strong></span> <span class='ocrx_word' id='word_1_235' title='bbox 1570 3345 1699 3388; x_wconf 87' lang='lat' dir='ltr'><strong>causam</strong></span> <span class='ocrx_word' id='word_1_236' title='bbox 1730 3346 1880 3411; x_wconf 84' lang='lat' dir='ltr'><strong>praesens</strong></span> <span class='ocrx_word' id='word_1_237' title='bbox 1912 3325 2018 3392; x_wconf 88' lang='lat' dir='ltr'><strong>thema</strong></span> 
     </span>
     <span class='ocr_line' id='line_1_25' title="bbox 339 3408 2022 3506; baseline -0.001 -24"><span class='ocrx_word' id='word_1_238' title='bbox 339 3413 531 3506; x_wconf 86' lang='lat' dir='ltr'><strong>speciminis</strong></span> <span class='ocrx_word' id='word_1_239' title='bbox 555 3408 761 3499; x_wconf 84' lang='lat' dir='ltr'><strong>inauguralis</strong></span> <span class='ocrx_word' id='word_1_240' title='bbox 786 3410 854 3474; x_wconf 89' lang='lat' dir='ltr'><strong>loco</strong></span> <span class='ocrx_word' id='word_1_241' title='bbox 874 3409 991 3498; x_wconf 85' lang='lat' dir='ltr'><strong>selegi,</strong></span> <span class='ocrx_word' id='word_1_242' title='bbox 1016 3422 1047 3474; x_wconf 90' lang='lat' dir='ltr'><strong>et</strong></span> <span class='ocrx_word' id='word_1_243' title='bbox 1072 3433 1159 3498; x_wconf 85' lang='lat' dir='ltr'><strong>quae</strong></span> <span class='ocrx_word' id='word_1_244' title='bbox 1182 3411 1319 3498; x_wconf 81' lang='lat' dir='ltr'><strong>sparsim</strong></span> <span class='ocrx_word' id='word_1_245' title='bbox 1345 3412 1385 3476; x_wconf 87' lang='lat' dir='ltr'><strong>de</strong></span> <span class='ocrx_word' id='word_1_246' title='bbox 1411 3413 1468 3478; x_wconf 86' lang='lat' dir='ltr'><strong>bac</strong></span> <span class='ocrx_word' id='word_1_247' title='bbox 1493 3414 1627 3478; x_wconf 82' lang='lat' dir='ltr'><strong>oratorie</strong></span> <span class='ocrx_word' id='word_1_248' title='bbox 1644 3411 1731 3501; x_wconf 86' lang='lat' dir='ltr'><strong>apud</strong></span> <span class='ocrx_word' id='word_1_249' title='bbox 1752 3413 1833 3484; x_wconf 84' lang='lat' dir='ltr'><strong>iuris</strong></span> <span class='ocrx_word' id='word_1_250' title='bbox 1858 3415 2022 3503; x_wconf 84' lang='lat' dir='ltr'><strong>iuterpre-</strong></span> 
     </span>
     <span class='ocr_line' id='line_1_26' title="bbox 338 3494 2022 3591; baseline -0.001 -19"><span class='ocrx_word' id='word_1_251' title='bbox 338 3522 387 3572; x_wconf 87' lang='lat' dir='ltr'><strong>tes</strong></span> <span class='ocrx_word' id='word_1_252' title='bbox 411 3501 646 3577; x_wconf 85' lang='lat' dir='ltr'><strong>inveniuntur,</strong></span> <span class='ocrx_word' id='word_1_253' title='bbox 670 3497 801 3589; x_wconf 86' lang='lat' dir='ltr'><strong>collegi,</strong></span> <span class='ocrx_word' id='word_1_254' title='bbox 825 3515 859 3562; x_wconf 91' lang='lat' dir='ltr'><strong>et</strong></span> <span class='ocrx_word' id='word_1_255' title='bbox 882 3501 915 3562; x_wconf 89' lang='lat' dir='ltr'><strong>iu</strong></span> <span class='ocrx_word' id='word_1_256' title='bbox 941 3497 1109 3578; x_wconf 76' lang='lat' dir='ltr'><strong>ordinem,</strong></span> <span class='ocrx_word' id='word_1_257' title='bbox 1126 3516 1292 3588; x_wconf 88' lang='lat' dir='ltr'><strong>quantum</strong></span> <span class='ocrx_word' id='word_1_258' title='bbox 1315 3500 1384 3566; x_wconf 88' lang='lat' dir='ltr'><strong>fieri</strong></span> <span class='ocrx_word' id='word_1_259' title='bbox 1412 3503 1541 3589; x_wconf 87' lang='lat' dir='ltr'><strong>potuit,</strong></span> <span class='ocrx_word' id='word_1_260' title='bbox 1558 3503 1678 3591; x_wconf 82' lang='lat' dir='ltr'><strong>redegi.</strong></span> <span class='ocrx_word' id='word_1_261' title='bbox 1707 3494 1832 3568; x_wconf 83' lang='lat' dir='ltr'><strong>Verum</strong></span> <span class='ocrx_word' id='word_1_262' title='bbox 1858 3526 1935 3570; x_wconf 89' lang='lat' dir='ltr'><strong>cum</strong></span> <span class='ocrx_word' id='word_1_263' title='bbox 1954 3529 2022 3572; x_wconf 87' lang='lat' dir='ltr'><strong>ma·</strong></span> 
     </span>
     <span class='ocr_line' id='line_1_27' title="bbox 342 3583 2019 3682; baseline 0.001 -24"><span class='ocrx_word' id='word_1_264' title='bbox 342 3593 422 3660; x_wconf 84' lang='lat' dir='ltr'><strong>teria</strong></span> <span class='ocrx_word' id='word_1_265' title='bbox 449 3591 529 3658; x_wconf 87' lang='lat' dir='ltr'><strong>baec</strong></span> <span class='ocrx_word' id='word_1_266' title='bbox 551 3589 716 3680; x_wconf 87' lang='lat' dir='ltr'><strong>judicium</strong></span> <span class='ocrx_word' id='word_1_267' title='bbox 741 3589 774 3652; x_wconf 93' lang='lat' dir='ltr'><strong>in</strong></span> <span class='ocrx_word' id='word_1_268' title='bbox 798 3583 895 3654; x_wconf 89' lang='lat' dir='ltr'><strong>rebus</strong></span> <span class='ocrx_word' id='word_1_269' title='bbox 920 3587 1103 3654; x_wconf 77' lang='lat' dir='ltr'><strong>forensibus</strong></span> <span class='ocrx_word' id='word_1_270' title='bbox 1126 3589 1298 3655; x_wconf 85' lang='lat' dir='ltr'><strong>subactum</strong></span> <span class='ocrx_word' id='word_1_271' title='bbox 1322 3589 1502 3670; x_wconf 79' lang='lat' dir='ltr'><strong>desideret,</strong></span> <span class='ocrx_word' id='word_1_272' title='bbox 1520 3595 1650 3656; x_wconf 85' lang='lat' dir='ltr'><strong>reniam</strong></span> <span class='ocrx_word' id='word_1_273' title='bbox 1678 3592 1759 3658; x_wconf 89' lang='lat' dir='ltr'><strong>mibi</strong></span> <span class='ocrx_word' id='word_1_274' title='bbox 1779 3593 1965 3682; x_wconf 77' lang='lat' dir='ltr'><strong>indulgebit</strong></span> <span class='ocrx_word' id='word_1_275' title='bbox 1985 3598 2019 3662; x_wconf 92' lang='lat' dir='ltr'><strong>b.</strong></span> 
     </span>
     <span class='ocr_line' id='line_1_28' title="bbox 344 3677 2023 3768; baseline 0.004 -22"><span class='ocrx_word' id='word_1_276' title='bbox 344 3683 465 3764; x_wconf 87' lang='lat' dir='ltr'><strong>lector,</strong></span> <span class='ocrx_word' id='word_1_277' title='bbox 488 3680 514 3746; x_wconf 82' lang='lat' dir='ltr'><strong>ei</strong></span> <span class='ocrx_word' id='word_1_278' title='bbox 541 3702 607 3746; x_wconf 87' lang='lat' dir='ltr'><strong>uon</strong></span> <span class='ocrx_word' id='word_1_279' title='bbox 633 3679 668 3742; x_wconf 91' lang='lat' dir='ltr'><strong>iu</strong></span> <span class='ocrx_word' id='word_1_280' title='bbox 692 3679 851 3744; x_wconf 86' lang='lat' dir='ltr'><strong>omnibus</strong></span> <span class='ocrx_word' id='word_1_281' title='bbox 877 3677 1054 3742; x_wconf 88' lang='lat' dir='ltr'><strong>intentioni</strong></span> <span class='ocrx_word' id='word_1_282' title='bbox 1079 3681 1152 3768; x_wconf 89' lang='lat' dir='ltr'><strong>ejus</strong></span> <span class='ocrx_word' id='word_1_283' title='bbox 1175 3702 1191 3742; x_wconf 84' lang='lat' dir='ltr'><strong>a</strong></span> <span class='ocrx_word' id='word_1_284' title='bbox 1218 3703 1270 3748; x_wconf 86' lang='lat' dir='ltr'><strong>me</strong></span> <span class='ocrx_word' id='word_1_285' title='bbox 1292 3681 1505 3747; x_wconf 80' lang='lat' dir='ltr'><strong>satisfactum.</strong></span> <span class='ocrx_word' id='word_1_286' title='bbox 1522 3679 1624 3747; x_wconf 84' lang='lat' dir='ltr'><strong>lllulto</strong></span> <span class='ocrx_word' id='word_1_287' title='bbox 1651 3685 1740 3750; x_wconf 90' lang='lat' dir='ltr'><strong>enim</strong></span> <span class='ocrx_word' id='word_1_288' title='bbox 1767 3681 1819 3748; x_wconf 91' lang='lat' dir='ltr'><strong>bic</strong></span> <span class='ocrx_word' id='word_1_289' title='bbox 1842 3683 1949 3753; x_wconf 87' lang='lat' dir='ltr'><strong>adhuc</strong></span> <span class='ocrx_word' id='word_1_290' title='bbox 1965 3685 2023 3753; x_wconf 90' lang='lat' dir='ltr'><strong>de-</strong></span> 
     </span>
     <span class='ocr_line' id='line_1_29' title="bbox 343 3765 2020 3924; baseline 0.002 -87"><span class='ocrx_word' id='word_1_291' title='bbox 343 3769 482 3837; x_wconf 87' lang='lat' dir='ltr'><strong>siderari</strong></span> <span class='ocrx_word' id='word_1_292' title='bbox 500 3792 598 3924; x_wconf 59' lang='lat' dir='ltr'><strong>posse</strong></span> <span class='ocrx_word' id='word_1_293' title='bbox 621 3765 741 3833; x_wconf 87' lang='lat' dir='ltr'><strong>lubens</strong></span> <span class='ocrx_word' id='word_1_294' title='bbox 764 3765 881 3846; x_wconf 82' lang='lat' dir='ltr'><strong>fateor,</strong></span> <span class='ocrx_word' id='word_1_295' title='bbox 905 3766 963 3833; x_wconf 86' lang='lat' dir='ltr'><strong>sed</strong></span> <span class='ocrx_word' id='word_1_296' title='bbox 987 3765 1041 3832; x_wconf 86' lang='lat' dir='ltr'><strong>illu</strong></span> <span class='ocrx_word' id='word_1_297' title='bbox 1066 3767 1233 3858; x_wconf 86' lang='lat' dir='ltr'><strong>supplebit</strong></span> <span class='ocrx_word' id='word_1_298' title='bbox 1258 3769 1437 3862; x_wconf 86' lang='lat' dir='ltr'><strong>aliquando</strong></span> <span class='ocrx_word' id='word_1_299' title='bbox 1461 3772 1562 3860; x_wconf 86' lang='lat' dir='ltr'><strong>major</strong></span> <span class='ocrx_word' id='word_1_300' title='bbox 1577 3795 1689 3838; x_wconf 87' lang='lat' dir='ltr'><strong>rerum</strong></span> <span class='ocrx_word' id='word_1_301' title='bbox 1714 3772 1898 3840; x_wconf 85' lang='lat' dir='ltr'><strong>sorensium</strong></span> <span class='ocrx_word' id='word_1_302' title='bbox 1922 3799 2020 3866; x_wconf 86' lang='lat' dir='ltr'><strong>expe·</strong></span> 
     </span>
     <span class='ocr_line' id='line_1_30' title="bbox 336 3853 2021 3952; baseline 0.005 -26"><span class='ocrx_word' id='word_1_303' title='bbox 336 3861 474 3926; x_wconf 70' lang='lat' dir='ltr'><strong>-rientim</strong></span> <span class='ocrx_word' id='word_1_304' title='bbox 535 3882 609 3924; x_wconf 86' lang='lat' dir='ltr'><strong>eum</strong></span> <span class='ocrx_word' id='word_1_305' title='bbox 635 3879 711 3923; x_wconf 87' lang='lat' dir='ltr'><strong>rero</strong></span> <span class='ocrx_word' id='word_1_306' title='bbox 736 3869 758 3922; x_wconf 85' lang='lat' dir='ltr'><strong>t.</strong></span> <span class='ocrx_word' id='word_1_307' title='bbox 782 3878 814 3922; x_wconf 91' lang='lat' dir='ltr'><strong>o.</strong></span> <span class='ocrx_word' id='word_1_308' title='bbox 841 3881 883 3922; x_wconf 79' lang='lat' dir='ltr'><strong>nr.</strong></span> <span class='ocrx_word' id='word_1_309' title='bbox 906 3853 1044 3946; x_wconf 86' lang='lat' dir='ltr'><strong>supplex</strong></span> <span class='ocrx_word' id='word_1_310' title='bbox 1068 3857 1202 3937; x_wconf 77' lang='lat' dir='ltr'><strong>invoco,</strong></span> <span class='ocrx_word' id='word_1_311' title='bbox 1228 3873 1264 3924; x_wconf 86' lang='lat' dir='ltr'><strong>ut</strong></span> <span class='ocrx_word' id='word_1_312' title='bbox 1295 3862 1433 3952; x_wconf 84' lang='lat' dir='ltr'><strong>gratiam</strong></span> <span class='ocrx_word' id='word_1_313' title='bbox 1463 3863 1599 3951; x_wconf 84' lang='lat' dir='ltr'><strong>spiritns</strong></span> <span class='ocrx_word' id='word_1_314' title='bbox 1629 3862 1732 3928; x_wconf 84' lang='lat' dir='ltr'><strong>sancti</strong></span> <span class='ocrx_word' id='word_1_315' title='bbox 1764 3861 2021 3934; x_wconf 84' lang='lat' dir='ltr'><strong>clementissime</strong></span> 
     </span>
     <span class='ocr_line' id='line_1_31' title="bbox 346 3943 2020 4043; baseline 0.005 -29"><span class='ocrx_word' id='word_1_316' title='bbox 346 3947 430 4014; x_wconf 86' lang='lat' dir='ltr'><strong>mihi</strong></span> <span class='ocrx_word' id='word_1_317' title='bbox 454 3947 566 4038; x_wconf 82' lang='lat' dir='ltr'><strong>largiri</strong></span> <span class='ocrx_word' id='word_1_318' title='bbox 592 3946 687 4026; x_wconf 81' lang='lat' dir='ltr'><strong>velit,</strong></span> <span class='ocrx_word' id='word_1_319' title='bbox 711 3967 778 4038; x_wconf 93' lang='lat' dir='ltr'><strong>quo</strong></span> <span class='ocrx_word' id='word_1_320' title='bbox 800 3947 940 4034; x_wconf 86' lang='lat' dir='ltr'><strong>suscepti</strong></span> <span class='ocrx_word' id='word_1_321' title='bbox 966 3943 1086 4012; x_wconf 87' lang='lat' dir='ltr'><strong>laboris</strong></span> <span class='ocrx_word' id='word_1_322' title='bbox 1108 3949 1234 4016; x_wconf 81' lang='lat' dir='ltr'><strong>exitum</strong></span> <span class='ocrx_word' id='word_1_323' title='bbox 1259 3973 1299 4016; x_wconf 85' lang='lat' dir='ltr'><strong>ex</strong></span> <span class='ocrx_word' id='word_1_324' title='bbox 1327 3970 1399 4019; x_wconf 85' lang='lat' dir='ltr'><strong>roto</strong></span> <span class='ocrx_word' id='word_1_325' title='bbox 1421 3973 1620 4043; x_wconf 83' lang='lat' dir='ltr'><strong>consequar,</strong></span> <span class='ocrx_word' id='word_1_326' title='bbox 1645 3968 1677 4018; x_wconf 89' lang='lat' dir='ltr'><strong>et</strong></span> <span class='ocrx_word' id='word_1_327' title='bbox 1708 3955 1819 4019; x_wconf 82' lang='lat' dir='ltr'><strong>omnia</strong></span> <span class='ocrx_word' id='word_1_328' title='bbox 1851 3955 1885 4022; x_wconf 90' lang='lat' dir='ltr'><strong>in</strong></span> <span class='ocrx_word' id='word_1_329' title='bbox 1911 3955 2020 4022; x_wconf 81' lang='lat' dir='ltr'><strong>divini</strong></span> 
     </span>
     <span class='ocr_line' id='line_1_32' title="bbox 344 4034 1205 4129; baseline -0.002 -25"><span class='ocrx_word' id='word_1_330' title='bbox 344 4039 491 4104; x_wconf 87' lang='lat' dir='ltr'><strong>nominis</strong></span> <span class='ocrx_word' id='word_1_331' title='bbox 514 4036 652 4129; x_wconf 83' lang='lat' dir='ltr'><strong>gloriam</strong></span> <span class='ocrx_word' id='word_1_332' title='bbox 677 4049 815 4128; x_wconf 84' lang='lat' dir='ltr'><strong>vergant</strong></span> <span class='ocrx_word' id='word_1_333' title='bbox 838 4034 988 4102; x_wconf 82' lang='lat' dir='ltr'><strong>feliciter.</strong></span> <span class='ocrx_word' id='word_1_334' title='bbox 1013 4035 1066 4102; x_wconf 91' lang='lat' dir='ltr'><strong>Sit</strong></span> <span class='ocrx_word' id='word_1_335' title='bbox 1091 4037 1205 4129; x_wconf 83' lang='lat' dir='ltr'><strong>itaque</strong></span> 
     </span>
    </p>
   </div>
   <div class='ocr_carea' id='block_1_9' title="bbox 1016 4227 1339 4300">
    <p class='ocr_par' dir='ltr' id='par_1_9' title="bbox 1016 4227 1339 4300">
     <span class='ocr_line' id='line_1_33' title="bbox 1016 4227 1339 4300; baseline -0.009 -2"><span class='ocrx_word' id='word_1_336' title='bbox 1016 4227 1264 4300; x_wconf 75' lang='lat' dir='ltr'>CAPUT</span> <span class='ocrx_word' id='word_1_337' title='bbox 1309 4229 1339 4296; x_wconf 93' lang='lat'><strong>1.</strong></span> 
     </span>
    </p>
   </div>
   <div class='ocr_carea' id='block_1_10' title="bbox 774 4391 1515 4496">
    <p class='ocr_par' dir='ltr' id='par_1_10' title="bbox 774 4391 1515 4496">
     <span class='ocr_line' id='line_1_34' title="bbox 774 4391 1515 4496; baseline -0.008 -20"><span class='ocrx_word' id='word_1_338' title='bbox 774 4488 777 4495; x_wconf 28' lang='grc' dir='ltr'>Ι</span> <span class='ocrx_word' id='word_1_339' title='bbox 844 4404 901 4477; x_wconf 85' lang='lat' dir='ltr'><strong>De</strong></span> <span class='ocrx_word' id='word_1_340' title='bbox 925 4411 1042 4478; x_wconf 81' lang='lat' dir='ltr'><strong>causis</strong></span> <span class='ocrx_word' id='word_1_341' title='bbox 1067 4391 1297 4486; x_wconf 78' lang='lat' dir='ltr'><strong>incidenlidus</strong></span> <span class='ocrx_word' id='word_1_342' title='bbox 1317 4413 1354 4474; x_wconf 88' lang='lat' dir='ltr'><strong>in</strong></span> <span class='ocrx_word' id='word_1_343' title='bbox 1379 4429 1515 4496; x_wconf 75' lang='lat' dir='ltr'><strong>genere.</strong></span> 
     </span>
    </p>
   </div>
   <div class='ocr_carea' id='block_1_11' title="bbox 330 4628 2022 5719">
    <p class='ocr_par' dir='ltr' id='par_1_11' title="bbox 330 4628 2022 5719">
     <span class='ocr_line' id='line_1_35' title="bbox 575 4628 2012 4704; baseline 0.005 -22"><span class='ocrx_word' id='word_1_344' title='bbox 575 4633 596 4682; x_wconf 85' lang='lat' dir='ltr'><em>S</em></span> <span class='ocrx_word' id='word_1_345' title='bbox 617 4633 644 4687; x_wconf 82' lang='lat' dir='ltr'><em>U</em></span> <span class='ocrx_word' id='word_1_346' title='bbox 659 4634 747 4686; x_wconf 75' lang='lat' dir='ltr'><strong><em>M</em></strong></span> <span class='ocrx_word' id='word_1_347' title='bbox 761 4633 788 4684; x_wconf 84' lang='lat' dir='ltr'><em>A</em></span> <span class='ocrx_word' id='word_1_348' title='bbox 807 4634 832 4685; x_wconf 77' lang='lat' dir='ltr'><em>B</em></span> <span class='ocrx_word' id='word_1_349' title='bbox 851 4635 870 4684; x_wconf 95' lang='lat'><em>1</em></span> <span class='ocrx_word' id='word_1_350' title='bbox 886 4632 913 4683; x_wconf 84' lang='lat' dir='ltr'><em>A</em></span> <span class='ocrx_word' id='word_1_351' title='bbox 1205 4628 1389 4696; x_wconf 74' lang='lat' dir='ltr'><strong>Eeeepriaaer</strong></span> <span class='ocrx_word' id='word_1_352' title='bbox 1401 4628 1548 4682; x_wconf 77' lang='lat' dir='ltr'><strong>anomalae</strong></span> <span class='ocrx_word' id='word_1_353' title='bbox 1561 4629 1803 4686; x_wconf 68' lang='lat' dir='ltr'><strong>enarraturam</strong></span> <span class='ocrx_word' id='word_1_354' title='bbox 1820 4631 2012 4704; x_wconf 62' lang='lat' dir='ltr'><strong>relemrrpea·</strong></span> 
     </span>
     <span class='ocr_line' id='line_1_36' title="bbox 479 4713 1540 4781; baseline 0.006 -23"><span class='ocrx_word' id='word_1_355' title='bbox 479 4747 483 4758; x_wconf 92' lang='lat'><strong>.</strong></span> <span class='ocrx_word' id='word_1_356' title='bbox 1241 4726 1280 4768; x_wconf 88' lang='lat' dir='ltr'><strong>ter</strong></span> <span class='ocrx_word' id='word_1_357' title='bbox 1289 4713 1467 4781; x_wconf 78' lang='lat' dir='ltr'><strong>pertineant?</strong></span> <span class='ocrx_word' id='word_1_358' title='bbox 1480 4721 1501 4777; x_wconf 76' lang='grc'><strong>5.</strong></span> <span class='ocrx_word' id='word_1_359' title='bbox 1514 4715 1540 4765; x_wconf 82' lang='grc'><strong>9.</strong></span> 
     </span>
     <span class='ocr_line' id='line_1_37' title="bbox 331 4787 1963 4872; baseline -0.001 -16"><span class='ocrx_word' id='word_1_360' title='bbox 331 4787 432 4856; x_wconf 70' lang='lat' dir='ltr'><strong>Causa</strong></span> <span class='ocrx_word' id='word_1_361' title='bbox 442 4799 508 4868; x_wconf 75' lang='lat' dir='ltr'><strong>qaid</strong></span> <span class='ocrx_word' id='word_1_362' title='bbox 518 4799 677 4870; x_wconf 72' lang='lat' dir='ltr'><strong>significet?</strong></span> <span class='ocrx_word' id='word_1_363' title='bbox 690 4799 819 4868; x_wconf 82' lang='lat' dir='ltr'><strong>Quaestio</strong></span> <span class='ocrx_word' id='word_1_364' title='bbox 832 4797 958 4852; x_wconf 78' lang='lat' dir='ltr'><strong>inrideas.</strong></span> <span class='ocrx_word' id='word_1_365' title='bbox 973 4798 995 4864; x_wconf 80' lang='grc'><strong>5.</strong></span> <span class='ocrx_word' id='word_1_366' title='bbox 1009 4800 1034 4848; x_wconf 80' lang='lat' dir='ltr'><strong>t.</strong></span> <span class='ocrx_word' id='word_1_367' title='bbox 1206 4797 1373 4866; x_wconf 59' lang='lat' dir='ltr'><strong>Differenrir</strong></span> <span class='ocrx_word' id='word_1_368' title='bbox 1385 4797 1528 4852; x_wconf 78' lang='lat' dir='ltr'><strong>irrideatis</strong></span> <span class='ocrx_word' id='word_1_369' title='bbox 1539 4807 1565 4850; x_wconf 88' lang='lat' dir='ltr'><strong>et</strong></span> <span class='ocrx_word' id='word_1_370' title='bbox 1577 4796 1748 4870; x_wconf 77' lang='lat' dir='ltr'><strong>dependentis</strong></span> <span class='ocrx_word' id='word_1_371' title='bbox 1758 4791 1905 4872; x_wconf 48' lang='lat' dir='ltr'><strong>capraeis.</strong></span> <span class='ocrx_word' id='word_1_372' title='bbox 1918 4803 1963 4855; x_wconf 72' lang='lat'><strong>10.</strong></span> 
     </span>
     <span class='ocr_line' id='line_1_38' title="bbox 330 4883 1535 4956; baseline 0.003 -20"><span class='ocrx_word' id='word_1_373' title='bbox 330 4883 465 4936; x_wconf 74' lang='lat' dir='ltr'><strong>«Incidere</strong></span> <span class='ocrx_word' id='word_1_374' title='bbox 473 4885 541 4954; x_wconf 77' lang='lat' dir='ltr'><strong>quid</strong></span> <span class='ocrx_word' id='word_1_375' title='bbox 550 4883 705 4954; x_wconf 72' lang='lat' dir='ltr'><strong>significet?</strong></span> <span class='ocrx_word' id='word_1_376' title='bbox 716 4889 739 4945; x_wconf 74' lang='grc' dir='ltr'><strong>ς.</strong></span> <span class='ocrx_word' id='word_1_377' title='bbox 753 4884 779 4933; x_wconf 76' lang='lat'><strong>2.</strong></span> <span class='ocrx_word' id='word_1_378' title='bbox 1207 4889 1245 4940; x_wconf 81' lang='lat' dir='ltr'><strong>tle</strong></span> <span class='ocrx_word' id='word_1_379' title='bbox 1254 4897 1281 4937; x_wconf 88' lang='lat' dir='ltr'><strong>et</strong></span> <span class='ocrx_word' id='word_1_380' title='bbox 1292 4903 1440 4938; x_wconf 71' lang='lat' dir='ltr'><strong>connexae.</strong></span> <span class='ocrx_word' id='word_1_381' title='bbox 1451 4883 1535 4956; x_wconf 81' lang='grc'><strong>511.</strong></span> 
     </span>
     <span class='ocr_line' id='line_1_39' title="bbox 337 4961 1951 5041; baseline 0.004 -21"><span class='ocrx_word' id='word_1_382' title='bbox 337 4967 428 5020; x_wconf 78' lang='lat' dir='ltr'><strong>Caere</strong></span> <span class='ocrx_word' id='word_1_383' title='bbox 448 4964 651 5034; x_wconf 70' lang='lat' dir='ltr'><strong>praejudicialis</strong></span> <span class='ocrx_word' id='word_1_384' title='bbox 671 4983 708 5016; x_wconf 85' lang='lat' dir='ltr'><strong>aa</strong></span> <span class='ocrx_word' id='word_1_385' title='bbox 730 4965 765 5020; x_wconf 79' lang='lat' dir='ltr'><strong>ab</strong></span> <span class='ocrx_word' id='word_1_386' title='bbox 784 4963 921 5018; x_wconf 80' lang='lat' dir='ltr'><strong>insidente</strong></span> <span class='ocrx_word' id='word_1_387' title='bbox 937 4961 1069 5032; x_wconf 63' lang='lat' dir='ltr'><strong>dfferor?</strong></span> <span class='ocrx_word' id='word_1_388' title='bbox 1087 4967 1151 5019; x_wconf 81' lang='lat' dir='ltr'><strong>Nan</strong></span> <span class='ocrx_word' id='word_1_389' title='bbox 1202 4968 1329 5021; x_wconf 80' lang='lat' dir='ltr'><strong>Incidere</strong></span> <span class='ocrx_word' id='word_1_390' title='bbox 1341 4968 1458 5037; x_wconf 81' lang='lat' dir='ltr'><strong>quaestio</strong></span> <span class='ocrx_word' id='word_1_391' title='bbox 1471 4968 1578 5037; x_wconf 74' lang='lat' dir='ltr'><strong>saepiae</strong></span> <span class='ocrx_word' id='word_1_392' title='bbox 1587 4966 1620 5022; x_wconf 82' lang='lat' dir='ltr'><strong>de</strong></span> <span class='ocrx_word' id='word_1_393' title='bbox 1635 4968 1858 5038; x_wconf 64' lang='lat' dir='ltr'><strong>atrewasiam.</strong></span> <span class='ocrx_word' id='word_1_394' title='bbox 1872 4975 1895 5041; x_wconf 80' lang='grc' dir='ltr'><strong>ς.</strong></span> <span class='ocrx_word' id='word_1_395' title='bbox 1909 4975 1951 5028; x_wconf 74' lang='lat'><strong>12</strong></span> 
     </span>
     <span class='ocr_line' id='line_1_40' title="bbox 371 5047 1034 5118; baseline -0.006 -16"><span class='ocrx_word' id='word_1_396' title='bbox 371 5050 462 5102; x_wconf 78' lang='lat' dir='ltr'><strong>amoris</strong></span> <span class='ocrx_word' id='word_1_397' title='bbox 473 5064 554 5102; x_wconf 80' lang='lat' dir='ltr'><strong>correo</strong></span> <span class='ocrx_word' id='word_1_398' title='bbox 565 5047 687 5101; x_wconf 78' lang='lat' dir='ltr'><strong>incidens</strong></span> <span class='ocrx_word' id='word_1_399' title='bbox 697 5058 737 5101; x_wconf 84' lang='lat' dir='ltr'><strong>ert</strong></span> <span class='ocrx_word' id='word_1_400' title='bbox 748 5047 961 5118; x_wconf 65' lang='lat' dir='ltr'><strong>praejudicialis.</strong></span> <span class='ocrx_word' id='word_1_401' title='bbox 973 5049 997 5114; x_wconf 88' lang='lat'><strong>§.</strong></span> <span class='ocrx_word' id='word_1_402' title='bbox 1011 5049 1034 5098; x_wconf 82' lang='lat'><strong>³.</strong></span> 
     </span>
     <span class='ocr_line' id='line_1_41' title="bbox 341 5085 2020 5209; baseline 0.009 -27"><span class='ocrx_word' id='word_1_403' title='bbox 341 5131 522 5196; x_wconf 72' lang='lat' dir='ltr'><strong>Receptiarree</strong></span> <span class='ocrx_word' id='word_1_404' title='bbox 531 5132 731 5198; x_wconf 78' lang='lat' dir='ltr'><strong>peremptoriae</strong></span> <span class='ocrx_word' id='word_1_405' title='bbox 744 5151 782 5186; x_wconf 86' lang='lat' dir='ltr'><strong>aa</strong></span> <span class='ocrx_word' id='word_1_406' title='bbox 793 5133 848 5185; x_wconf 83' lang='lat' dir='ltr'><strong>rint</strong></span> <span class='ocrx_word' id='word_1_407' title='bbox 861 5130 1062 5199; x_wconf 68' lang='lat' dir='ltr'><strong>taatrearesrt</strong></span> <span class='ocrx_word' id='word_1_408' title='bbox 1077 5131 1102 5184; x_wconf 81' lang='lat' dir='ltr'><strong>l.</strong></span> <span class='ocrx_word' id='word_1_409' title='bbox 1201 5137 1225 5203; x_wconf 79' lang='grc'><strong>5.</strong></span> <span class='ocrx_word' id='word_1_410' title='bbox 1246 5140 1270 5189; x_wconf 84' lang='grc'><strong>1.</strong></span> <span class='ocrx_word' id='word_1_411' title='bbox 1291 5085 1352 5194; x_wconf 77' lang='lat' dir='ltr'><strong>Ur</strong></span> <span class='ocrx_word' id='word_1_412' title='bbox 1371 5150 1474 5208; x_wconf 87' lang='lat' dir='ltr'><strong>recepto</strong></span> <span class='ocrx_word' id='word_1_413' title='bbox 1493 5137 1686 5209; x_wconf 73' lang='lat' dir='ltr'><strong>disputantium</strong></span> <span class='ocrx_word' id='word_1_414' title='bbox 1707 5140 1773 5191; x_wconf 87' lang='lat' dir='ltr'><strong>mori</strong></span> <span class='ocrx_word' id='word_1_415' title='bbox 1793 5137 1921 5206; x_wconf 77' lang='lat' dir='ltr'><strong>satisfiet,</strong></span> <span class='ocrx_word' id='word_1_416' title='bbox 1946 5143 2020 5197; x_wconf 85' lang='lat' dir='ltr'><strong>circe</strong></span> 
     </span>
     <span class='ocr_line' id='line_1_42' title="bbox 337 5211 2022 5294; baseline 0.008 -27"><span class='ocrx_word' id='word_1_417' title='bbox 337 5215 427 5268; x_wconf 85' lang='lat' dir='ltr'><strong>Caura</strong></span> <span class='ocrx_word' id='word_1_418' title='bbox 439 5211 608 5280; x_wconf 79' lang='lat' dir='ltr'><strong>principalis.</strong></span> <span class='ocrx_word' id='word_1_419' title='bbox 619 5215 754 5267; x_wconf 75' lang='lat' dir='ltr'><strong>irridear.</strong></span> <span class='ocrx_word' id='word_1_420' title='bbox 768 5222 788 5277; x_wconf 77' lang='grc' dir='ltr'><strong>ς.</strong></span> <span class='ocrx_word' id='word_1_421' title='bbox 804 5216 829 5268; x_wconf 81' lang='lat'><strong>5.</strong></span> <span class='ocrx_word' id='word_1_422' title='bbox 1199 5221 1380 5276; x_wconf 70' lang='lat' dir='ltr'><strong>maurosum</strong></span> <span class='ocrx_word' id='word_1_423' title='bbox 1389 5222 1571 5276; x_wconf 80' lang='lat' dir='ltr'><strong>erimiatioaem</strong></span> <span class='ocrx_word' id='word_1_424' title='bbox 1581 5239 1659 5294; x_wconf 79' lang='lat' dir='ltr'><strong>prore</strong></span> <span class='ocrx_word' id='word_1_425' title='bbox 1672 5223 1716 5276; x_wconf 86' lang='lat' dir='ltr'><strong>bie</strong></span> <span class='ocrx_word' id='word_1_426' title='bbox 1730 5225 1931 5292; x_wconf 79' lang='lat' dir='ltr'><strong>praemittenda.</strong></span> <span class='ocrx_word' id='word_1_427' title='bbox 1941 5227 2022 5282; x_wconf 73' lang='lat' dir='ltr'><strong>Curre</strong></span> 
     </span>
     <span class='ocr_line' id='line_1_43' title="bbox 336 5295 2018 5376; baseline 0.008 -26"><span class='ocrx_word' id='word_1_428' title='bbox 336 5297 489 5363; x_wconf 76' lang='lat' dir='ltr'><strong>Descriptio</strong></span> <span class='ocrx_word' id='word_1_429' title='bbox 503 5313 600 5350; x_wconf 83' lang='lat' dir='ltr'><strong>saurae</strong></span> <span class='ocrx_word' id='word_1_430' title='bbox 613 5295 762 5352; x_wconf 82' lang='lat' dir='ltr'><strong>incidentis.</strong></span> <span class='ocrx_word' id='word_1_431' title='bbox 775 5297 798 5370; x_wconf 88' lang='grc'><strong>5.</strong></span> <span class='ocrx_word' id='word_1_432' title='bbox 812 5299 837 5352; x_wconf 77' lang='lat' dir='ltr'><strong>d.</strong></span> <span class='ocrx_word' id='word_1_433' title='bbox 1201 5305 1229 5358; x_wconf 91' lang='lat' dir='ltr'><strong>in</strong></span> <span class='ocrx_word' id='word_1_434' title='bbox 1248 5309 1305 5373; x_wconf 85' lang='lat' dir='ltr'><strong>jure</strong></span> <span class='ocrx_word' id='word_1_435' title='bbox 1323 5319 1414 5362; x_wconf 81' lang='lat' dir='ltr'><strong>nostro</strong></span> <span class='ocrx_word' id='word_1_436' title='bbox 1425 5309 1575 5376; x_wconf 84' lang='lat' dir='ltr'><strong>plerumque</strong></span> <span class='ocrx_word' id='word_1_437' title='bbox 1587 5307 1660 5360; x_wconf 87' lang='lat' dir='ltr'><strong>litem</strong></span> <span class='ocrx_word' id='word_1_438' title='bbox 1675 5307 1802 5374; x_wconf 77' lang='lat' dir='ltr'><strong>integrent</strong></span> <span class='ocrx_word' id='word_1_439' title='bbox 1818 5310 1933 5371; x_wconf 78' lang='lat' dir='ltr'><strong>denotat.</strong></span> <span class='ocrx_word' id='word_1_440' title='bbox 1948 5312 2018 5368; x_wconf 83' lang='lat' dir='ltr'><strong>uode</strong></span> 
     </span>
     <span class='ocr_line' id='line_1_44' title="bbox 338 5377 2014 5465; baseline 0.01 -30"><span class='ocrx_word' id='word_1_441' title='bbox 338 5377 509 5448; x_wconf 59' lang='lat' dir='ltr'><strong>Differentia</strong></span> <span class='ocrx_word' id='word_1_442' title='bbox 528 5381 603 5434; x_wconf 85' lang='lat' dir='ltr'><strong>inter</strong></span> <span class='ocrx_word' id='word_1_443' title='bbox 620 5394 796 5454; x_wconf 67' lang='lat' dir='ltr'><strong>emergentem</strong></span> <span class='ocrx_word' id='word_1_444' title='bbox 812 5395 838 5439; x_wconf 88' lang='lat' dir='ltr'><strong>et</strong></span> <span class='ocrx_word' id='word_1_445' title='bbox 854 5383 1013 5437; x_wconf 81' lang='lat' dir='ltr'><strong>incidentem</strong></span> <span class='ocrx_word' id='word_1_446' title='bbox 1029 5401 1150 5439; x_wconf 83' lang='lat' dir='ltr'><strong>raararrr-</strong></span> <span class='ocrx_word' id='word_1_447' title='bbox 1200 5404 1301 5444; x_wconf 83' lang='lat' dir='ltr'><strong>caorrm</strong></span> <span class='ocrx_word' id='word_1_448' title='bbox 1320 5411 1397 5461; x_wconf 75' lang='lat' dir='ltr'><strong>agere</strong></span> <span class='ocrx_word' id='word_1_449' title='bbox 1416 5395 1487 5445; x_wconf 83' lang='lat' dir='ltr'><strong>idem</strong></span> <span class='ocrx_word' id='word_1_450' title='bbox 1506 5404 1563 5455; x_wconf 82' lang='lat' dir='ltr'><strong>est,</strong></span> <span class='ocrx_word' id='word_1_451' title='bbox 1581 5393 1652 5463; x_wconf 81' lang='lat' dir='ltr'><strong>quod</strong></span> <span class='ocrx_word' id='word_1_452' title='bbox 1671 5394 1746 5448; x_wconf 86' lang='lat' dir='ltr'><strong>litera</strong></span> <span class='ocrx_word' id='word_1_453' title='bbox 1770 5398 1892 5465; x_wconf 80' lang='lat' dir='ltr'><strong>persequi</strong></span> <span class='ocrx_word' id='word_1_454' title='bbox 1911 5399 1929 5450; x_wconf 86' lang='lat' dir='ltr'><strong>l.</strong></span> <span class='ocrx_word' id='word_1_455' title='bbox 1950 5401 1973 5452; x_wconf 83' lang='lat' dir='ltr'><strong>l.</strong></span> <span class='ocrx_word' id='word_1_456' title='bbox 1992 5419 2014 5452; x_wconf 91' lang='lat' dir='ltr'><strong>e.</strong></span> 
     </span>
     <span class='ocr_line' id='line_1_45' title="bbox 373 5461 2019 5549; baseline 0.011 -30"><span class='ocrx_word' id='word_1_457' title='bbox 373 5461 397 5534; x_wconf 81' lang='grc'><strong>5-</strong></span> <span class='ocrx_word' id='word_1_458' title='bbox 416 5467 442 5516; x_wconf 79' lang='grc'><strong>7.</strong></span> <span class='ocrx_word' id='word_1_459' title='bbox 1199 5475 1234 5526; x_wconf 84' lang='lat' dir='ltr'><strong>de</strong></span> <span class='ocrx_word' id='word_1_460' title='bbox 1249 5477 1302 5527; x_wconf 81' lang='lat' dir='ltr'><strong>reb.</strong></span> <span class='ocrx_word' id='word_1_461' title='bbox 1320 5479 1414 5530; x_wconf 80' lang='lat' dir='ltr'><strong>credit.</strong></span> <span class='ocrx_word' id='word_1_462' title='bbox 1432 5489 1457 5531; x_wconf 90' lang='lat' dir='ltr'><strong>et</strong></span> <span class='ocrx_word' id='word_1_463' title='bbox 1477 5495 1552 5530; x_wconf 69' lang='lat' dir='ltr'><strong>missa</strong></span> <span class='ocrx_word' id='word_1_464' title='bbox 1570 5479 1662 5532; x_wconf 74' lang='lat' dir='ltr'><strong>carlere</strong></span> <span class='ocrx_word' id='word_1_465' title='bbox 1681 5479 1794 5542; x_wconf 83' lang='lat' dir='ltr'><strong>dicitur,</strong></span> <span class='ocrx_word' id='word_1_466' title='bbox 1816 5483 1862 5549; x_wconf 90' lang='lat' dir='ltr'><strong>qui</strong></span> <span class='ocrx_word' id='word_1_467' title='bbox 1888 5483 1964 5536; x_wconf 85' lang='lat' dir='ltr'><strong>litera</strong></span> <span class='ocrx_word' id='word_1_468' title='bbox 1991 5504 2019 5537; x_wconf 81' lang='lat' dir='ltr'><strong>a·</strong></span> 
     </span>
     <span class='ocr_line' id='line_1_46' title="bbox 341 5547 2020 5640; baseline 0.013 -40"><span class='ocrx_word' id='word_1_469' title='bbox 341 5549 483 5615; x_wconf 74' lang='lat' dir='ltr'><strong>(istomodo</strong></span> <span class='ocrx_word' id='word_1_470' title='bbox 502 5557 576 5602; x_wconf 81' lang='lat' dir='ltr'><strong>reate</strong></span> <span class='ocrx_word' id='word_1_471' title='bbox 595 5549 635 5603; x_wconf 86' lang='lat' dir='ltr'><strong>tia</strong></span> <span class='ocrx_word' id='word_1_472' title='bbox 654 5565 733 5622; x_wconf 77' lang='lat' dir='ltr'><strong>saper</strong></span> <span class='ocrx_word' id='word_1_473' title='bbox 756 5552 906 5619; x_wconf 74' lang='lat' dir='ltr'><strong>irridente,</strong></span> <span class='ocrx_word' id='word_1_474' title='bbox 932 5553 978 5606; x_wconf 81' lang='lat' dir='ltr'><strong>vel</strong></span> <span class='ocrx_word' id='word_1_475' title='bbox 1001 5565 1151 5624; x_wconf 64' lang='lat' dir='ltr'><strong>emergente</strong></span> <span class='ocrx_word' id='word_1_476' title='bbox 1204 5556 1303 5624; x_wconf 87' lang='lat' dir='ltr'><strong>mittit,</strong></span> <span class='ocrx_word' id='word_1_477' title='bbox 1322 5557 1345 5629; x_wconf 94' lang='grc'><strong>5.</strong></span> <span class='ocrx_word' id='word_1_478' title='bbox 1365 5563 1410 5614; x_wconf 77' lang='grc'><strong>33.</strong></span> <span class='ocrx_word' id='word_1_479' title='bbox 1424 5578 1465 5628; x_wconf 86' lang='lat' dir='ltr'><strong>pr.</strong></span> <span class='ocrx_word' id='word_1_480' title='bbox 1482 5561 1501 5613; x_wconf 88' lang='lat' dir='ltr'><strong>i.</strong></span> <span class='ocrx_word' id='word_1_481' title='bbox 1519 5561 1553 5614; x_wconf 81' lang='lat' dir='ltr'><strong>de</strong></span> <span class='ocrx_word' id='word_1_482' title='bbox 1570 5561 1695 5616; x_wconf 73' lang='lat' dir='ltr'><strong>coriarii.</strong></span> <span class='ocrx_word' id='word_1_483' title='bbox 1710 5565 1830 5632; x_wconf 74' lang='lat' dir='ltr'><strong>quamvis</strong></span> <span class='ocrx_word' id='word_1_484' title='bbox 1844 5566 1882 5617; x_wconf 86' lang='lat' dir='ltr'><strong>ibi</strong></span> <span class='ocrx_word' id='word_1_485' title='bbox 1903 5547 2020 5640; x_wconf 81' lang='lat' dir='ltr'><strong>impere-</strong></span> 
     </span>
     <span class='ocr_line' id='line_1_47' title="bbox 369 5625 2020 5719; baseline 0.014 -37"><span class='ocrx_word' id='word_1_486' title='bbox 369 5625 687 5700; x_wconf 69' lang='lat' dir='ltr'><strong>pauetasireadais·8.</strong></span> <span class='ocrx_word' id='word_1_487' title='bbox 1204 5645 1245 5693; x_wconf 89' lang='lat' dir='ltr'><strong>tor</strong></span> <span class='ocrx_word' id='word_1_488' title='bbox 1261 5659 1364 5698; x_wconf 70' lang='lat' dir='ltr'><strong>marera</strong></span> <span class='ocrx_word' id='word_1_489' title='bbox 1384 5661 1431 5717; x_wconf 86' lang='lat' dir='ltr'><strong>pra</strong></span> <span class='ocrx_word' id='word_1_490' title='bbox 1448 5642 1505 5716; x_wconf 81' lang='lat' dir='ltr'><strong>ipre</strong></span> <span class='ocrx_word' id='word_1_491' title='bbox 1524 5645 1653 5716; x_wconf 81' lang='lat' dir='ltr'><strong>reperite</strong></span> <span class='ocrx_word' id='word_1_492' title='bbox 1677 5663 1769 5718; x_wconf 82' lang='lat' dir='ltr'><strong>erpere</strong></span> <span class='ocrx_word' id='word_1_493' title='bbox 1794 5647 1928 5719; x_wconf 76' lang='lat' dir='ltr'><strong>rideatur,</strong></span> <span class='ocrx_word' id='word_1_494' title='bbox 1955 5653 2020 5705; x_wconf 66' lang='lat' dir='ltr'><strong>dun</strong></span> 
     </span>
    </p>
   </div>
   <div class='ocr_carea' id='block_1_12' title="bbox 274 5730 327 5744">
    <p class='ocr_par' dir='ltr' id='par_1_12' title="bbox 274 5730 327 5744">
     <span class='ocr_line' id='line_1_48' title="bbox 274 5730 327 5744; baseline 0 0"><span class='ocrx_word' id='word_1_495' title='bbox 274 5730 327 5744; x_wconf 61' lang='grc' dir='ltr'><strong>Δ</strong></span> 
     </span>
    </p>
   </div>
   <div class='ocr_carea' id='block_1_13' title="bbox 0 0 2226 6213">
    <p class='ocr_par' dir='ltr' id='par_1_13' title="bbox 0 0 2226 6213">
     <span class='ocr_line' id='line_1_49' title="bbox 0 0 2226 6213; baseline 0 0"><span class='ocrx_word' id='word_1_496' title='bbox 0 0 2226 6213; x_wconf 95' lang='lat' dir='ltr'><strong> </strong></span> 
     </span>
    </p>
   </div>
  </div>
 </body>
</html>
