4510 6214
396 245 449 298 'tds

296 313 300 320 ἱ
339 341 468 413 plurimos
488 335 618 391 interdum
641 333 756 387 rnilitum
779 347 822 386 seu
841 330 1152 383 bominumliberorum
1178 371 1182 418 Ι

341 426 412 478 ιΙοιιιὶ
434 427 554 476 detinere
574 421 701 474 solebant.
723 418 859 474 sancitum
881 416 968 484 itaque
985 427 1035 477 est,
1057 425 1084 466 ut
1104 416 1155 466 duo

340 519 441 562 tantum
462 511 493 560 nd
516 509 621 560 serritin
641 505 741 564 risoris,
760 514 784 554 et
804 501 854 552 duo
873 501 917 550 ulii
937 499 968 550 nd
988 510 1089 552 caetera
1106 498 1153 548 mi·

336 591 452 645 tristeris
472 593 544 642 dutrii
567 590 794 658 relinqueremur:
814 585 882 652 (prod
902 593 928 634 et
947 583 1090 652 episcopis,
1109 579 1153 632 sb·

338 672 442 726 batibus
461 683 483 726 et
505 672 646 723 ablutissis
667 671 766 740 pariter
785 667 933 732 injunctum
948 675 997 716 est.
1019 663 1091 732 Quin
1107 660 1154 713 Ca·

338 759 476 828 rolingicis
496 775 583 810 rerum
604 753 771 826 potiuntibus
787 753 879 802 saltem
900 751 927 799 iu
946 757 1023 816 gente
1036 748 1151 800 Franco·

339 857 398 893 rum
420 841 461 894 isti
483 857 570 894 mores
591 839 624 890 ita
646 833 804 903 frequentati
825 831 943 898 luerint,
963 831 1073 884 dubium
1100 847 1154 883 non

338 935 398 976 est.
417 924 526 976 lutertrn
547 918 704 984 carolingica
724 915 809 984 stirpe
827 915 955 979 extincti,
977 915 1047 985 apud
1069 914 1152 968 Saxo-¹

338 1021 386 1057 nes
405 1004 484 1076 prisci
505 1004 587 1057 moris
606 1001 714 1069 vestigia
732 1009 873 1052 occurrunt
888 1041 896 1064 ,
913 1009 942 1052 ut
960 999 1025 1053 adeo
1047 1011 1154 1069 utreque

340 1105 405 1158 gens
424 1089 611 1140 institutorum
632 1099 738 1137 suorum
758 1083 994 1136 obuersantissims
1014 1082 1096 1135 inisse
1115 1083 1154 1134 ri·

340 1171 449 1224 desint.
469 1171 602 1222 Henricns
623 1185 737 1238 anceps,
756 1176 785 1218 ul
804 1168 936 1236 ilungnsis
953 1167 1058 1220 creden
1078 1177 1155 1237 atque

340 1256 460 1325 supinam
481 1254 556 1322 longe
574 1255 676 1322 lateque
688 1250 938 1306 circumferentibus
954 1255 1053 1322 iustum
1070 1271 1154 1323 oppo-

344 1353 419 1390 neret
440 1337 609 1400 exercitum,
628 1353 721 1389 omnes
736 1371 743 1399 ,
761 1338 805 1406 qui
825 1333 944 1387 serendis
962 1335 1045 1388 armis
1064 1336 1154 1387 idonei

339 1431 435 1484 erant,
458 1431 560 1489 praesto
579 1435 638 1472 esse
653 1421 745 1490 jussit.
765 1419 817 1470 rid.
838 1418 994 1488 Lnitprand.
1008 1420 1101 1471 lristcr.
1111 1418 1154 1470 lib.

309 1519 311 1524 ’
337 1505 381 1554 tt.
401 1520 422 1554 e.
442 1503 468 1554 b.
488 1502 606 1572 Cumque
619 1501 667 1554 sub
682 1503 798 1555 ilenrico
818 1503 863 1555 lV.
881 1501 986 1556 frenum
1002 1501 1154 1554 morderent

337 1585 477 1650 Saxones,
496 1597 520 1638 et
543 1587 606 1637 hitto
624 1587 656 1638 ab
679 1587 840 1654 imperatore
860 1585 930 1638 bello
948 1597 1154 1657 premerentur,

336 1685 442 1721 omnem
464 1667 659 1722 multitudinem
679 1669 711 1720 ad
731 1681 923 1723 sacramentum
938 1673 1050 1724 militare
1065 1671 1155 1740 adege-

337 1761 407 1803 runt.
427 1751 458 1802 llt
478 1752 640 1804 Francorum
663 1763 751 1804 tamen
772 1769 844 1804 more
863 1752 1152 1806 huecilusisscsiden·

338 1842 390 1898 tur,
410 1845 439 1886 ut
458 1837 526 1903 apud
549 1837 668 1888 Saxones
687 1853 788 1904 qnoque
808 1836 906 1887 militis
925 1853 1021 1888 nomen
1039 1835 1154 1906 diguita-

336 1923 389 1969 lent
410 1919 574 1987 designsrrt.
595 1917 731 1970 conentur
749 1919 771 1970 1.
795 1918 938 1987 imperator
956 1919 1024 1988 apud
1052 1919 1153 1972 Witti-

337 2000 467 2053 eltindnm
485 2002 627 2054 annalium
647 2001 693 2054 til.
714 2007 739 2055 1.
757 2003 789 2054 de
808 2005 926 2055 ilenrico
945 2019 1043 2073 atrcnpe
1061 2003 1097 2053 ita
1117 2004 1154 2056 lo·

335 2083 441 2150 quitur:
455 2084 568 2154 suppetit
587 2085 631 2137 illi
646 2102 745 2138 mantis
753 2083 877 2154 sortium
896 2085 1010 2138 mils'tum
1029 2095 1055 2138 et
1073 2102 1152 2138 exer·

335 2163 405 2215 situs
428 2165 569 2219 innumera
589 2169 745 2220 multitudo.
770 2169 818 2220 Per
838 2169 934 2220 milites
954 2169 1099 2222 nobiliores
1113 2169 1153 2220 in-

332 2248 500 2316 telliguntur,
519 2253 691 2306 multitudiue
710 2264 796 2307 autem
816 2253 933 2323 reliquae
951 2255 1042 2326 copiae
1061 2255 1089 2307 in
1107 2271 1153 2314 es·

335 2332 420 2382 ercitu
446 2332 634 2401 designentur.

375 2412 398 2484 5.
420 2417 462 2468 11,
482 2417 570 2468 linteo
590 2418 725 2488 paulisper
742 2418 773 2469 ad
792 2418 917 2483 Francos,
935 2436 1045 2490 quartam
1057 2425 1115 2491 jora
1128 2433 1154 2478 et

335 2497 458 2551 institute
480 2500 604 2551 militaria
625 2502 790 2554 consideratu
809 2514 871 2554 sunt
889 2503 1045 2570 dignissima
1073 2505 1153 2561 Extat

287 2599 290 2604 ·
335 2579 363 2632 in
383 2580 490 2632 illornro
512 2583 614 2652 legibus
630 2587 798 2648 constitutio,
816 2603 865 2655 qun
883 2586 1030 2652 niocemur,
1042 2605 1092 2658 qno
1105 2609 1151 2660 pa·

334 2673 378 2716 oto
397 2667 530 2719 militibus
550 2667 581 2718 de
601 2669 693 2726 armis.
714 2671 748 2720 de
766 2674 862 2722 vestitu
880 2679 906 2722 et
924 2685 1069 2726 commeatu
1095 2672 1151 2727 ine·

333 2748 369 2800 sit
390 2761 576 2820 prospectum.
598 2752 716 2820 lpsornm
736 2753 845 2821 qnidam
868 2755 981 2806 rnilitum
1002 2754 1052 2809 luit
1065 2797 1074 2823 ,
1096 2760 1150 2812 suis

333 2824 484 2902 sumptibus
503 2833 567 2884 baec
585 2837 675 2886 ornnin
694 2851 854 2904 comparare,
873 2839 1022 2906 ptorinciae
1041 2851 1127 2894 tamen

334 2927 381 2983 per
398 2931 461 2981 ‹pnas
479 2917 612 2968 exercitus
632 2917 810 2981 ducebantur,
829 2922 985 2972 tenebantur
1012 2923 1064 2983 illis
1092 2935 1148 2976 tan·

332 3005 386 3049 ium
406 3010 585 3063 remanentes,
605 3015 652 3068 pro
672 3003 758 3068 pretio
777 3017 828 3051 non
849 3002 942 3071 iniquo
961 3006 1152 3074 suppeditare,

331 3089 458 3147 qurentum
479 3081 513 3130 iis
532 3097 579 3149 per
599 3091 652 3132 tres
673 3099 776 3134 menses
796 3085 975 3136 sustentandis
995 3085 1152 3144 sufficeret.

332 3157 509 3214 Constitutnrn
529 3174 570 3214 est
588 3163 770 3231 capitularium
790 3165 837 3216 lib.
852 3168 908 3218 111.
928 3185 985 3231 cop.
1000 3167 1043 3221 tt.
1063 3181 1092 3223 ut
1109 3190 1151 3222 ae·

332 3245 449 3298 mudum
473 3247 609 3318 antiquam
631 3249 853 3300 consuetudinem
866 3253 1042 3322 praeparatio
1055 3257 1091 3306 ad
1103 3255 1150 3307 lta·

333 3335 399 3379 stem
405 3327 538 3396 facienda
556 3330 689 3384 indicetur
707 3343 732 3381 et
751 3332 912 3397 observetur,
925 3333 955 3384 iel
965 3345 1003 3384 est
1016 3335 1149 3391 victualia

332 3410 366 3462 de
390 3411 502 3463 Murciae
523 3415 561 3467 ad
574 3425 627 3466 tres
649 3431 771 3478 menses,
790 3426 815 3467 et
839 3433 915 3466 arma
937 3426 965 3468 et
988 3421 1151 3474 vestimenta

334 3493 371 3546 nti
387 3494 528 3548 dimidium
550 3513 665 3562 annum,
686 3499 760 3566 puori
777 3507 864 3550 tamen
887 3499 926 3550 ita
944 3500 1086 3556 observare
1095 3505 1153 3572 pln-
1204 3528 1212 3542 ·

331 3577 402 3638 curt,
422 3587 452 3641 nt
471 3578 513 3630 itis
533 3581 580 3648 qui
598 3581 632 3631 ds
652 3581 745 3634 liberto
766 3577 805 3630 nti
826 3580 943 3651 Ligerim
961 3597 1095 3652 perurunt,
1120 3587 1153 3640 tie

333 3659 424 3726 lr'geri
443 3661 472 3714 in
493 3674 574 3716 antea
592 3665 631 3718 ad
644 3674 699 3716 tres
719 3680 822 3717 menses
839 3677 1045 3734 computentur,
1065 3681 1091 3724 et
1109 3671 1156 3740 qui

333 3741 366 3794 de
379 3743 471 3813 ligeri
482 3747 521 3798 od
534 3749 658 3800 libertum
669 3759 802 3818 pergunt,
815 3749 848 3802 uie
867 3752 960 3808 liberto
975 3754 1003 3804 in
1017 3766 1100 3809 ersten
1118 3757 1156 3809 ai
1199 3777 1300 3829 “tmen
1314 3780 1415 3847 turpius
1433 3776 1510 3830 iacile
1531 3779 1612 3831 militi
1635 3791 1760 3833 censetur

331 3835 386 3877 tres
407 3843 508 3880 menses
526 3828 659 3884 victualia
679 3832 776 3884 babere
796 3834 926 3888 debeant.
946 3836 1021 3906 spurt
1040 3849 1152 3892 caeteros

337 3907 497 3962 Germaniae
517 3915 641 3981 pupulos,
663 3915 731 3984 apud
751 3933 816 3986 quos
834 3919 949 3971 nondam
970 3923 1098 3987 vassalli,
1124 3933 1152 3977 nl

333 3989 487 4058 loquuntur,
505 3993 626 4046 instituti
647 4006 739 4064 erant,
758 3999 804 4069 qni
822 4016 853 4052 es
872 4001 945 4054 leudi
968 4003 1097 4060 beneficio
1117 4008 1150 4060 ad

332 4089 405 4126 arma
418 4072 525 4128 t‘erenda
537 4077 647 4146 obligati
660 4091 766 4145 essent,
781 4082 875 4136 itidem
889 4097 973 4139 tamen
995 4091 1053 4142 sine
1074 4107 1151 4161 pecu

332 4157 387 4209 niis
401 4159 499 4213 milites
514 4165 646 4216 merebant
656 4197 662 4212 ·
673 4164 740 4218 Nam
754 4167 861 4235 epulae,
875 4179 905 4222 nt
925 4170 1033 4224 Tacitus
1049 4175 1105 4238 sit,
1126 4185 1153 4228 et

332 4256 489 4311 quamquam
503 4246 642 4315 incompti,
657 4249 722 4317 largi
738 4259 824 4302 tamen
837 4263 980 4319 apparatus
992 4272 1038 4324 pso
1050 4257 1085 4308 sti

333 4321 378 4375 dio
392 4326 570 4382 celebrande
582 4333 773 4401 suariis-germ.
793 4349 817 4385 e.
840 4338 920 4388 XIV.
941 4357 970 4390 n.
988 4339 1013 4390 b·
1040 4341 1091 4394 Sed
1113 4343 1147 4395 ad

332 4404 448 4461 Francos
463 4427 554 4463 rursus
567 4415 636 4483 quod
649 4417 759 4481 attinet,
771 4435 831 4470 curn
846 4436 898 4473 oon
910 4424 1030 4475 omniurn
1045 4443 1096 4478 una
1112 4445 1153 4480 ea·

330 4487 443 4559 demque
455 4503 524 4544 esset
535 4496 662 4563 conditio,
678 4499 776 4570 aliique
795 4503 906 4558 lautiore
924 4505 1025 4560 ¹ltsrtuttn
1047 4519 1153 4566 ateren-

330 4579 385 4638 tnr‚
399 4576 458 4628 aliis
470 4585 556 4630 antem
568 4592 639 4634 esset
656 4600 697 4635 rer
710 4597 818 4654 augurata
832 4589 922 4654 dorni,
936 4591 1058 4662 iniquum
1080 4599 1153 4655 ride·

331 4656 421 4723 batur,
439 4660 531 4713 eadem
557 4669 680 4719 omuibus
702 4671 854 4737 prorniscue
874 4673 977 4743 imponi
998 4695 1096 4735 onera.
1116 4684 1152 4739 Ea

330 4740 410 4810 igitur
424 4747 458 4796 ita
472 4745 623 4817 dispensare
636 4751 684 4803 ins·
693 4753 811 4808 ituernnt
822 4757 1153 4834 sapientissimlsequissi·

331 4828 420 4896 mique
435 4832 584 4902 principes,
598 4845 626 4886 ot
638 4837 732 4906 cuique
745 4856 793 4907 pro
812 4837 973 4894 iortnnarnrn
994 4846 1150 4906 conditione

331 4923 357 4962 et
382 4912 555 4980 amplitudine
575 4931 672 4985 preneste
688 4922 761 4974 iones
783 4923 912 4975 militares
931 4924 1150 4996 injungerentur.

331 4995 465 5051 Sancitnru
482 5000 568 5070 itaque
580 5002 612 5052 ab
627 5003 681 5054 illis
694 5002 757 5068 luit,
773 5007 896 5058 utnrmis
911 5007 980 5063 liber
991 5012 1089 5080 barno,
1103 5022 1154 5089 qni

332 5089 450 5148 quatum
462 5099 571 5136 mansas
587 5088 696 5140 vestitor
710 5088 742 5141 rie
753 5091 937 5158 propriosne,
949 5095 1010 5150 sive
1022 5097 1054 5150 de
1065 5102 1150 5158 alieu-

325 5160 371 5232 p‘ns
384 5163 513 5232 beneficio
528 5167 638 5222 baberet
648 5207 656 5232 ,
668 5171 721 5234 ipse
734 5189 762 5224 se
780 5189 979 5244 praepararet,
999 5192 1025 5236 et
1044 5183 1100 5255 ipse
1121 5187 1151 5240 in

332 5245 433 5300 bostem
445 5263 582 5316 pergeret,
602 5255 658 5304 siue
677 5272 737 5308 eum
755 5258 861 5312 seniore
872 5278 941 5315 sno:
957 5263 1006 5332 qni
1016 5283 1083 5322 vero
1097 5281 1151 5324 tres

330 5347 442 5382 mansus
455 5333 487 5385 de
496 5337 609 5400 proprio
622 5337 761 5405 babuerit,
776 5343 811 5393 ita
826 5363 904 5412 porro
917 5347 1075 5417 decernitur,
1086 5353 1150 5407 baie

329 5411 496 5484 adjungatur
509 5437 586 5482 unus,
601 5421 650 5490 qui
666 5441 749 5476 uniam
765 5443 888 5480 mansum
908 5431 984 5485 dubet
1005 5444 1030 5484 et
1046 5434 1091 5489 det
1108 5439 1150 5493 iiii
1172 5482 1174 5491 .

331 5494 496 5568 adjutorium
509 5537 516 5564 ,
528 5513 557 5558 ut
576 5505 621 5557 ille
631 5523 683 5575 pro
696 5510 828 5565 ambobus
839 5514 878 5566 ire
888 5515 978 5580 possit.
994 5520 1048 5586 <tat
1058 5535 1148 5576 autem
1171 5512 1174 5618 l

956 235 1146 294 ntstt'ttt.
1167 235 1223 289 XX.
1244 233 1361 293 CAPUT
1380 237 1399 290 l.

1917 231 1971 286 stt

1204 335 1288 395 alter,
1305 334 1354 402 prii
1367 329 1493 384 similiter
1503 329 1573 384 duos
1586 345 1698 385 mansus
1710 327 1805 395 isabel,
1818 339 1843 380 et
1856 330 1928 382 tinus
1940 343 1977 379 sa·
1987 325 2028 379 sit

1203 422 1291 472 altere
1305 417 1454 486 ndjrrvante
1465 429 1560 486 pergat
1579 414 1607 470 in
1630 417 1752 482 bostem,
1770 413 1819 485 qui
1841 413 1923 466 etiarn
1942 429 2024 465 unutss

1203 511 1309 554 tortium
1322 517 1445 554 arantum
1456 501 1488 553 tis
1502 503 1616 570 proprio
1629 501 1716 564 laben
1729 499 1917 574 adjungantur·
1927 495 1954 548 ei
1963 505 2024 560 tres,

1202 583 1251 652 pai
1261 584 1387 636 similiter
1400 583 1528 647 babeant,
1541 593 1569 635 es
1582 581 1646 636 cient
1658 583 1685 636 ei
1695 583 1862 656 abacorum
1874 590 1901 632 et
1909 578 1955 632 ille
1965 587 2024 631 tan·
2118 630 2120 632 .

1204 675 1259 719 tum
1275 677 1392 734 pergam·
1411 677 1465 718 tres
1485 683 1552 719 vero
1572 666 1803 739 pui'atijutoriam
1821 663 1864 716 ilii
1876 661 2022 729 declamata

1203 747 1279 800 demi
1290 761 1466 803 rentaneanr.
1481 748 1526 801 Est
1538 762 1624 804 autem
1638 769 1743 804 mansus
1755 762 1840 804 certus
1859 749 1914 818 apri
1928 748 2023 802 distri-

1202 845 1276 900 ctus‚
1289 836 1334 904 qui
1350 836 1395 886 oni
1413 835 1514 886 bomini
1527 837 1622 889 alendo
1636 831 1753 899 suffieit,
1773 833 1842 886 unde
1855 831 2020 885 mansuaritts

1203 929 1258 986 est,
1274 920 1316 972 cui
1336 919 1367 972 ad
1388 917 1552 972 incolendum
1573 920 1649 974 datus
1669 930 1709 973 sst
1725 934 1847 984 mansus,
1864 917 2022 973 emunata

1202 1004 1424 1073 fluccbenbergio.
1444 1005 1461 1056 l.
1478 1021 1500 1056 c·
1519 1001 1583 1074 §.80

1240 1095 1261 1152 ς.
1282 1089 1325 1139 12.
1343 1090 1420 1141 Jnrat
1437 1106 1541 1159 qnoque
1558 1087 1659 1158 aliquid
1685 1085 1718 1141 tle
1739 1087 1833 1158 poenis
1858 1086 2020 1141 militaribus

1204 1169 1308 1238 addere,
1327 1189 1360 1222 ne
1379 1171 1443 1243 qnid
1462 1173 1525 1226 huie
1543 1173 1694 1225 tractationi
1714 1173 1796 1234 desit.
1816 1173 1845 1226 Si
1858 1173 1918 1242 quis
1930 1173 2020 1243 itaque

1204 1271 1264 1324 rege
1283 1271 1335 1308 non
1353 1258 1538 1325 permittente,
1561 1267 1602 1310 aut
1620 1258 1678 1310 sine
1695 1253 1857 1325 gravissimis
1875 1271 2020 1326 praegnan-

1203 1341 1366 1410 tissimisque
1383 1341 1489 1406 nausis,
1503 1341 1536 1392 ad
1555 1357 1626 1394 asma
1645 1353 1765 1396 eroestos
1784 1357 1835 1394 non
1857 1343 2020 1410 comparais-

1203 1435 1251 1490 set,
1273 1436 1300 1478 et
1317 1426 1423 1495 uiridem
1436 1442 1468 1478 eo
1482 1427 1561 1480 modo
1579 1427 1726 1481 instruetur
1743 1443 1795 1496 quo
1807 1439 1903 1480 omnss
1921 1426 2021 1478 insten-

1203 1520 1261 1561 ctos
1280 1526 1337 1562 esse
1356 1509 1474 1562 decebat:
1494 1521 1542 1563 aut
1560 1511 1582 1561 si
1601 1511 1661 1579 quis
1680 1510 1758 1562 miles
1774 1509 1906 1573 aconito,
1918 1509 2021 1580 prinsi-

1203 1610 1235 1662 pe
1254 1593 1360 1656 inscito,
1373 1604 1402 1646 at
1415 1595 1487 1646 domi
1503 1595 1670 1657 suluisteret,
1687 1597 1861 1664 impetrasset,
1874 1595 1903 1647 in
1916 1605 2021 1650 utrum-

1200 1691 1322 1750 qustum
1345 1679 1472 1744 militem,
1493 1692 1545 1730 turn
1566 1681 1707 1742 comitem,
1726 1677 1879 1746 grauissime
1897 1678 2020 1731 auinaue

1203 1766 1366 1817 vertebatur:
1388 1763 1519 1818 interdum
1549 1763 1663 1816 infamia
1688 1766 1867 1831 notabantur,
1887 1771 1916 1816 nt
1935 1767 2020 1838 pluri-

1203 1865 1273 1898 marm
1294 1857 1380 1898 autem
1396 1863 1516 1914 poenam
1545 1847 1630 1902 bonni
1650 1846 1711 1900 sive
1735 1847 1884 1902 heribanni
1900 1849 2022 1904 eneam·

1202 1933 1291 1986 bant.
1311 1932 1418 1984 Bannus
1437 1933 1493 1985 scil.
1513 1935 1617 1999 majos,
1636 1935 1693 1986 aire
1719 1934 1901 1999 heribannus,
1923 1937 1970 2007 qni
1996 1947 2023 1993 at

1202 2021 1302 2071 bannus
1317 2020 1412 2086 regins,
1428 2019 1491 2069 item
1506 2018 1656 2070 dominicus
1669 2017 1774 2083 dicitur,
1789 2020 1897 2072 multam
1912 2019 1965 2073 LX.
1979 2037 2021 2074 so·

1202 2101 1316 2154 lidorum
1337 2100 1502 2165 eorttinebal,
1520 2103 1559 2153 nti
1580 2112 1681 2154 constat
1700 2118 1734 2154 ex
1751 2102 1892 2171 capitular.
1908 2103 1954 2157 lib.
1967 2107 2022 2160 m

1201 2204 1262 2254 cap.
1277 2187 1320 2238 bi.
1334 2185 1376 2238 lib.
1391 2189 1443 2241 IV.
1456 2197 1475 2238 t.
1494 2184 1536 2238 tt.
1558 2187 1603 2238 17.
1621 2187 1664 2238 22.
1679 2187 1802 2243 addatur
1813 2186 1981 2240 Lehmannus
1992 2189 2025 2244 in

1201 2269 1329 2320 citronico
1349 2267 1470 2337 spirensi
1485 2268 1530 2320 tis.
1549 2272 1591 2322 ΙΙ.
1609 2283 1633 2320 s.
1654 2268 1696 2320 ii.
1715 2271 1745 2320 lt.
1759 2268 1879 2338 Mylerus
1896 2269 1929 2322 de
1945 2271 2021 2338 prin·

1199 2353 1299 2417 cipibus
1313 2364 1339 2406 et
1350 2355 1464 2405 statibus
1475 2353 1593 2420 imperii.
1612 2354 1727 2424 portali.
1745 2371 1769 2406 c.
1783 2353 1827 2404 bb.
1839 2371 1864 2421 p.
1877 2353 1939 2405 812.
1957 2353 2023 2406 ttut·

1200 2439 1223 2490 la
1236 2453 1322 2492 autem
1333 2457 1390 2508 spes
1404 2451 1458 2492 eret
1470 2441 1573 2492 reniam
1585 2449 1630 2490 ant
1639 2438 1864 2508 dispensationem
1878 2437 2024 2508 impetran-

1199 2521 1242 2587 di,
1256 2524 1300 2575 sed
1315 2537 1367 2576 tum
1383 2525 1476 2586 miles,
1491 2537 1544 2576 tuto
1558 2523 1648 2576 senior
1691 2522 1712 2574 si
1734 2525 1790 2592 ejus
1803 2537 1931 2574 eonsensu
1946 2523 2026 2575 miles

1199 2619 1362 2677 pet-curerat,
1378 2609 1478 2660 solvere
1493 2617 1555 2661 ante
1566 2607 1712 2658 indicatam
1727 2606 1829 2672 argenti
1845 2621 1975 2656 summanr
1991 2613 2027 2658 to

1200 2693 1354 2746 urbemnSi
1360 2689 1445 2760 aliqui
1453 2688 1684 2758 inventrfuerint,
1693 2690 1729 2740 ita
1740 2687 1915 2742 eonstitntunr
1926 2687 2024 2756 legitur

1199 2777 1340 2847 capitular.
1352 2776 1398 2829 lib.
1410 2780 1466 2830 111.
1481 2793 1503 2827 c.
1517 2777 1560 2827 67.
1577 2773 1624 2844 qui
1637 2775 1685 2826 uel
1698 2773 1788 2841 pretia
1801 2789 1831 2827 se
1843 2773 2026 2838 redemissent,

1141 2880 1150 2907 r
1198 2865 1246 2915 nel
1255 2863 1377 2916 ιίοιιιιίιίι4
1385 2863 1441 2916 sais
1452 2861 1667 2929 permittentibus
1680 2861 1804 2914 bannum
1818 2869 1942 2912 nostrum
1954 2858 2025 2929 etfl-

1198 2950 1258 3001 dem
1262 2945 1379 3015 flaciant
1389 2959 1414 2998 et
1426 2945 1605 3013 persolvant.
1621 2944 1660 2995 De
1681 2943 1814 3006 «luminis,
1826 2941 1872 3011 qui
1885 2957 2026 2995 consense-

1198 3041 1267 3094 rant,
1276 3033 1365 3083 statim
1380 3029 1527 3095 subjicitur:
1538 3025 1665 3078 similiter
1676 3026 1794 3078 bannum
1809 3034 1929 3077 nestrum
1943 3040 2026 3078 rests·

1199 3111 1271 3165 diunt
1283 3125 1308 3165 et
1311 3112 1402 3180 fidem
1405 3111 1517 3181 faciant
1529 3119 1611 3178 usque
1624 3110 1686 3163 sium
1696 3109 1867 3179 nabissnert't
1879 3109 2024 3162 renuncies·

1199 3203 1268 3248 tum.
1284 3197 1362 3265 Quod
1377 3199 1397 3247 si
1412 3209 1478 3249 tanta
1494 3197 1646 3263 cujusquam
1669 3201 1741 3246 esset
1761 3205 1876 3261 egestas,
1898 3203 1927 3244 nt
1947 3192 2026 3247 istam

1199 3281 1321 3347 pecuniae
1337 3295 1465 3330 summam
1483 3278 1581 3328 ,attere
1592 3293 1643 3328 noo
1659 3293 1761 3344 posse,
1777 3277 1800 3328 is
1814 3282 1968 3330 servitutem
1983 3290 2028 3328 sn-

1200 3360 1259 3412 bite
1272 3361 1422 3428 jubebatur,
1439 3371 1466 3411 ut
1479 3360 1529 3429 legi
1545 3357 1646 3412 satisbe
1657 3372 1712 3425 retr
1726 3361 1764 3412 ric
1777 3359 1876 3412 ibidem
1899 3363 2026 3414 sanoitors

1201 3447 1228 3496 si
1240 3463 1296 3497 non
1310 3445 1442 3509 babuerit,
1458 3446 1528 3497 unde
1540 3445 1617 3496 illam
1628 3462 1660 3495 su
1669 3461 1772 3497 mmam
1783 3447 2028 3511 persalaansernm

1199 3545 1286 3600 ipsum
1298 3545 1348 3599 pro
1369 3529 1464 3582 Wadio
1478 3527 1507 3579 in
1520 3525 1628 3580 seruitia
1649 3529 1783 3595 principis
1803 3527 1917 3591 tradat,
1938 3531 2025 3584 donas

1200 3629 1250 3675 per
1262 3624 1384 3678 tempora
1404 3611 1460 3680 ipse
1473 3611 1580 3664 bonitus
1591 3611 1626 3663 ab
1639 3609 1734 3679 enfint
1744 3613 1902 3677 persolutus,
1925 3623 2028 3671 estune

1199 3692 1298 3746 iterum
1311 3695 1349 3747 ad
1360 3707 1456 3745 starum
1467 3693 1600 3747 libertatis
1606 3712 1672 3747 suae
1685 3707 1852 3750 revertatur.
1867 3699 2024 3756 dstnulluen

1768 3799 1881 3852 ‚quarn
1903 3783 2026 3842 deserere

1200 3865 1312 3932 signari
1328 3864 1386 3932 iuga
1405 3864 1456 3915 sibi
1476 3867 1628 3918 constristo.
1651 3867 1728 3935 Qisod
1756 3883 1819 3919 eum
1846 3869 1912 3939 sputi
1933 3889 2028 3926 omnes

1198 3959 1288 4015 gentes
1302 3946 1406 3999 iuednm
1417 3959 1442 4000 et
1457 3966 1509 4002 non
1522 3949 1691 4000 tolerandum
1711 3950 1795 4002 risum
1810 3947 1900 4017 luerit,
1913 3953 2026 4009 Germe·

1199 4035 1241 4084 uis
1252 4051 1318 4102 ‹puae
1331 4035 1378 4088 bac
1391 4036 1423 4087 de
1436 4051 1464 4086 re
1476 4033 1575 4087 sederit
1587 4035 1681 4104 opinio
1693 4070 1701 4099 ,
1715 4037 1864 4102 conjectura
1877 4040 1964 4108 quiris
1985 4040 2025 4095 ia-

1199 4117 1249 4168 cile
1262 4120 1363 4188 assequi
1379 4121 1480 4187 poterit
1493 4157 1499 4171 .
1515 4118 1644 4188 Capitale
1656 4121 1741 4188 itaque
1753 4119 1781 4170 iu
1795 4135 1840 4172 eos
1851 4124 2027 4178 constitnlnln

1200 4199 1249 4252 init
1259 4203 1426 4270 supplicium.
1439 4201 1611 4268 Proditores,
1621 4203 1708 4268 inquit
1720 4203 1836 4265 Tacitus,
1847 4215 1926 4276 atque
1936 4217 2026 4263 trans·

1088 4275 1151 4328 ΡΨ·
1189 4279 1280 4353 sugas
1294 4285 1437 4338 arboribus
1449 4283 1624 4351 suspendunt.
1641 4286 1757 4349 Ignaros
1769 4293 1795 4336 et
1807 4285 1928 4337 imbelles
1939 4295 2024 4343 coeno

1201 4385 1234 4420 ac
1250 4366 1365 4437 palude,
1377 4368 1478 4439 injecta
1491 4365 1601 4438 insuper
1611 4376 1697 4430 crate,
1711 4379 1850 4436 mergunt.
1864 4373 1907 4424 Ile
1927 4373 2023 4426 mon'b.

1206 4449 1296 4503 Germ.
1309 4467 1364 4522 sap.
1382 4451 1450 4503 XII.
1465 4467 1492 4500 n.
1506 4450 1530 4504 2.
1545 4448 1625 4518 tuque
1636 4459 1662 4502 st
1674 4451 1743 4519 apud
1764 4451 1879 4506 Francos
1898 4453 1932 4508 ab
1952 4457 2023 4509 anti·

1199 4532 1337 4601 quissimis
1351 4533 1514 4600 temporibus
1526 4543 1660 4603 receptam
1674 4533 1741 4603 apud
1754 4553 1799 4588 eos
1813 4534 1905 4598 inisse,
1920 4539 2022 4595 intelli·

1200 4618 1288 4686 pirum
1300 4633 1332 4670 ex
1344 4617 1485 4683 capitular.
1496 4617 1543 4670 lib.
1556 4621 1613 4672 m.
1624 4619 1700 4689 capit.
1717 4620 1759 4671 70.
1779 4621 1946 4695 Quicumque
1958 4627 2022 4682 abs·

1200 4720 1250 4770 que
1273 4701 1384 4756 licentia
1405 4701 1451 4753 uei
1470 4701 1651 4766 permissione
1665 4701 1798 4772 principis
1821 4705 1854 4757 rie
1878 4707 1955 4761 lroste
1979 4726 2021 4764 re·

1199 4785 1396 4857 uersussuerit‚
1419 4783 1432 4852 (
1444 4785 1513 4851 quud
1526 4781 1624 4837 iactam
1636 4785 1730 4837 Franci
1746 4787 1896 4842 Heriscltiin
1907 4791 2022 4860 dicunt)

1199 4869 1347 4934 uolumus,
1367 4877 1396 4922 ut
1414 4867 1526 4936 antiqua
1537 4869 1710 4931 constitutio,
1721 4869 1751 4922 id
1761 4881 1806 4929 est.
1818 4873 1943 4944 capitalis
1955 4892 2019 4931 sen·

1197 4953 1282 5008 teretia
1298 4969 1361 5022 erga
1378 4952 1454 5005 iilum
1464 4951 1632 5022 puniendum
1645 4955 1817 5010 custodiatur.

1234 5042 1256 5099 ς.
1270 5035 1313 5086 13.
1329 5035 1392 5086 Non
1405 5043 1443 5084 est
1455 5023 1582 5097 dubiiim,
1597 5035 1683 5103 inquit
1701 5038 1777 5106 litigo
1796 5037 1929 5108 Grotius,
1948 5045 2018 5116 quin

1199 5115 1364 5172 naturaliter
1374 5131 1469 5170 amnes
1481 5116 1580 5168 subditi
1598 5117 1668 5170 bello
1690 5121 1816 5173 ndlriberi
1826 5122 1948 5188 possint,
1968 5129 2018 5183 sed

1199 5202 1328 5275 quosdam
1339 5201 1465 5266 specialis
1477 5203 1525 5253 less
1536 5211 1618 5267 arcet,
1640 5211 1670 5256 ut
1689 5203 1756 5255 olim
1779 5208 1884 5260 Itomae
1903 5224 2017 5280 seruas,

1200 5303 1272 5340 nane
1288 5286 1388 5354 passim
1401 5285 1526 5344 clericos:
1538 5287 1570 5338 de
1577 5284 1602 5358 j.
1618 5285 1642 5337 b.
1655 5296 1681 5338 et
1689 5305 1716 5356 p.
1736 5287 1780 5342 lib.
1794 5293 1819 5343 1.
1836 5309 1894 5363 cap.
1908 5296 1930 5346 1.
1953 5295 2013 5356 Μ,

1200 5373 1245 5425 ste
1262 5371 1372 5440 etapud
1392 5383 1492 5424 veteres
1511 5371 1658 5424 Germanos
1675 5407 1682 5436 ,
1702 5377 1856 5442 praesertim
1876 5375 2014 5446 Francos,

1198 5457 1317 5508 nonnulli
1337 5445 1523 5508 eximebantur
1541 5473 1554 5505 a
1575 5457 1689 5509 militiae
1706 5475 1804 5510 onere.
1822 5459 1940 5529 Namque
1958 5464 2012 5533 pri·

1199 5555 1242 5589 mo
1259 5539 1304 5609 qui
1325 5539 1473 5607 principem
1494 5539 1584 5606 priore
1602 5555 1671 5593 auno
1685 5542 1713 5592 in
1725 5541 1823 5594 bellum
1837 5546 1914 5596 ucuti
1930 5557 2014 5610 erant,

330 5585 516 5639 tantumdem
528 5604 636 5655 mansas
653 5590 686 5646 de
701 5593 814 5666 proprie
834 5596 1110 5673 irrumpuntur
1120 5610 1149 5663 ei
1169 5649 1174 5688 ἰ
1196 5623 1269 5680 domi
1288 5643 1357 5680 ,uuo
1374 5625 1493 5698 sequenti
1514 5625 1695 5692 remanebant,
1709 5627 1865 5684 substitutis
1877 5629 2010 5686 inrorans
