4444 6214
255 305 311 357 ,ῃ
799 305 847 360 ne
865 301 1023 358 estsere
1045 301 1282 368 incrusurum
1784 322 1838 379 art

196 399 309 468 paratim
323 397 503 472 principalitar
522 399 664 474 injudicio
681 401 812 468 deducta,
832 417 937 456 neccsse
957 410 1013 472 ert,
1068 413 1154 472 parata
1173 419 1229 456 esse
1245 401 1311 471 juris
1330 403 1461 467 remedia,
1480 417 1504 462 rt
1522 405 1582 462 ideo
1600 425 1653 466 unc
1672 411 1796 484 sublato,
1816 421 1888 477 aliud

197 489 225 532 ut
238 495 317 550 super
329 481 478 552 cognitione
500 484 650 553 huiusmodi
671 485 737 553 juris
753 484 819 539 urdo
834 503 864 538 ac
884 485 932 538 teis
946 483 1015 554 judi·
1066 484 1153 535 adlsuc
1174 502 1325 558 superesse.
1344 505 1366 542 c.
1389 488 1607 548 intercesserat.
1626 495 1653 546 ⁹·
1670 513 1700 550 x·
1717 501 1750 556 dr
1769 516 1837 560 rent.
1859 517 1886 562 et

197 561 279 614 riaria
293 575 421 618 serretur.
433 568 546 638 Quando
558 579 644 622 sutem
658 569 765 622 nullitas
778 568 806 620 in
828 569 928 637 judicic
947 568 1014 622 inci·
1065 584 1095 621 re
1104 567 1193 638 judie.
1211 581 1239 622 et
1257 570 1322 624 hinc
1348 583 1448 628 retnuta
1473 577 1667 650 rppellaticne,
1693 601 1746 640 nnn
1774 588 1887 662 intelligi

195 645 289 701 denter
308 647 463 720 deducitur-3
484 655 570 707 nullus
600 655 667 724 iuris
690 653 755 708 orde
779 653 944 724 requiritur,
969 655 1015 708 red
1067 662 1194 704 reruntsru
1215 655 1496 728 nullitatetu,adeoque
1510 663 1665 734 rescriptum
1680 667 1811 741 principis
1825 691 1885 726 cunr

195 725 227 779 ,1.
241 746 268 780 2.
283 737 1011 810 umqumflmmeum„„0101302b3quejmtteiorum
1066 736 1181 789 clausula
1199 741 1208 804 (
1222 748 1325 792 remora
1342 743 1538 809 appellatione)
1558 764 1609 799 non
1639 750 1730 805 toliere
1755 755 1887 812 nullitrtir

196 813 363 871 solemnitsts
376 823 550 889 cognoscitur.
566 821 658 893 lapid.
671 821 752 876 decis.
771 823 835 874 317.
854 833 880 874 et
898 823 961 876 utu.
980 821 1015 876 Es
1065 821 1251 889 quaestionem
1272 843 1294 876 c·
1306 824 1462 890 pastoralis.
1479 827 1522 878 83.
1536 847 1566 882 ae.
1580 829 1613 884 de
1629 834 1729 905 appell.
1741 833 1813 891 Geil.
1827 838 1846 892 i.
1864 845 1886 892 l.

196 896 220 948 si
239 898 346 952 nullitrs
366 903 515 958 incidenter
527 906 654 969 deducta,
667 915 694 958 et
705 903 737 960 de
750 924 778 960 ea
799 903 882 958 luerit
896 923 1013 960 sumuss-
1068 902 1126 957 obri
1142 905 1202 957 135.
1214 925 1243 957 n.
1255 905 1282 958 ⁵.
1294 918 1320 959 et
1331 908 1357 959 d.
1370 909 1460 978 tttyas.
1473 921 1542 964 cent.
1556 913 1580 965 2.
1591 916 1649 970 abr.
1671 919 1714 973 77.
1735 900 1762 974 et
1780 934 1848 976 cene.
1863 925 1888 978 d.

196 979 237 1034 rie
252 984 396 1051 cognitam,
411 1003 463 1041 nan
475 989 597 1059 isnpsdit,
611 1007 662 1059 quc
677 989 765 1042 minus
787 989 883 1044 iterum
901 991 929 1042 in
941 991 1014 1054 urdi-
1066 989 1125 1040 obr-
1137 989 1181 1040 dd.
1196 987 1275 1059 dtqtti
1295 989 1358 1044 itaer
1369 989 1402 1044 de
1421 987 1552 1062 praesenti
1573 997 1684 1052 tarteria
1701 993 1844 1072 sufficiant,
1858 1008 1887 1062 in

195 1062 272 1116 nario
285 1064 385 1129 judicio
409 1078 436 1121 st
458 1074 658 1144 principaliter,
678 1084 703 1126 et
724 1091 770 1145 per
793 1074 899 1128 madunt
921 1074 1015 1147 agendi
1065 1091 1125 1143 qus,
1145 1074 1167 1125 si
1185 1075 1221 1126 ub
1240 1075 1326 1128 rariss
1339 1074 1382 1130 dd.
1397 1077 1547 1148 opiniones,
1556 1081 1653 1151 quibus
1666 1082 1733 1137 itane
1746 1090 1884 1146 meteristn

195 1146 291 1200 deduci
304 1152 397 1220 possit,
410 1155 470 1222 quia
483 1158 614 1210 sententis
627 1159 674 1210 lata
688 1175 765 1227 super
784 1161 942 1230 principali,
963 1179 1015 1216 non
1067 1159 1211 1223 inrolrunt,
1230 1179 1273 1214 rur
1288 1179 1391 1234 quoque
1408 1179 1511 1218 errasse
1529 1167 1639 1235 rideris,
1658 1171 1729 1225 nihil
1749 1171 1887 1230 humanis

198 1230 363 1299 praejudicat
377 1232 529 1301 incidenti,
543 1239 576 1290 tls
587 1257 639 1310 qua
653 1257 704 1295 non
719 1241 770 1295 luit
783 1243 860 1314 plene
871 1244 1017 1314 cognitum.
1069 1260 1110 1294 nae
1127 1244 1240 1296 slienuns
1259 1245 1442 1313 existimabis,
1462 1247 1509 1301 red
1529 1250 1616 1320 potius
1634 1254 1743 1309 meliora
1769 1256 1883 1312 libenter

196 1311 219 1362 l.
233 1315 277 1364 ld.
284 1312 325 1382 ff
342 1315 376 1368 de
387 1317 439 1384 dt'r,
451 1319 499 1388 qui
509 1321 553 1375 rui
564 1323 606 1375 rel
623 1323 703 1377 alien.
717 1325 775 1398 jur.
796 1325 898 1380 idcireo
917 1327 1016 1383 deserta
1068 1337 1228 1394 secuturum,
1245 1331 1331 1383 anrics
1349 1330 1477 1384 manebis.
1499 1333 1555 1385 lico
1573 1343 1661 1388 antem
1680 1355 1705 1392 n.
1724 1355 1758 1391 ut.
1772 1355 1822 1410 pro
1834 1341 1890 1394 tle·

197 1412 273 1448 esusa
290 1401 491 1469 sppellstianir,
510 1405 618 1459 nullitas
637 1425 690 1462 uon
708 1407 813 1463 ridetur
830 1409 952 1480 deserta,
971 1415 1016 1468 sed
1070 1410 1236 1465 mestissima
1255 1412 1401 1468 studiorum
1418 1411 1607 1472 bscsttutoss
1624 1421 1722 1491 pretias
1739 1440 1786 1493 rgo
1811 1423 1888 1478 desu-

196 1480 267 1531 niltil
288 1482 450 1554 obstsl,quo
463 1487 551 1541 minus
562 1488 655 1544 endem
671 1491 777 1545 aniliter
789 1493 974 1566 principaliter
992 1509 1016 1552 et
1070 1495 1201 1560 iluimus
1217 1495 1388 1566 tittfflssmqut
1417 1498 1558 1553 ἆῑῐθΰῑῖῠῦἷ
1586 1501 1615 1554 ἷῦ
1642 1501 1760 1560 iuturunt
1787 1526 1889 1580 quaqua

198 1563 303 1618 directo
323 1567 350 1620 irs
370 1569 472 1636 inclinio
484 1571 579 1626 deduci
594 1576 705 1646 possint.
718 1579 795 1632 Vant.
805 1578 836 1630 de
850 1579 938 1632 nudie·
948 1591 1015 1637 sent.
1067 1583 1183 1634 actiones
1203 1599 1272 1635 suess
1291 1583 1421 1637 subruisse
1438 1583 1607 1640 commende.

196 1647 227 1700 in
241 1649 315 1702 νηόν.
329 1662 401 1718 quot.
414 1664 442 1709 et
453 1655 524 1736 quii.
545 1658 616 1712 noct
634 1659 721 1714 nuliir.
740 1661 769 1714 in
783 1660 873 1735 judic.
893 1681 967 1735 prop.
988 1683 1015 1720 n.

197 1732 243 1784 id.
252 1742 279 1786 et
291 1733 335 1786 dd.
345 1751 407 1789 eurr
419 1753 492 1809 seqq.
504 1758 531 1811 p.
545 1742 591 1793 81.
605 1741 667 1794 inde
679 1755 795 1816 apparet,
813 1746 1016 1815 appellationem
1306 1749 1387 1805 som
1407 1750 1477 1805 1)Εο
1496 1749 1648 1807 Gtotttr.

196 1829 224 1872 rt
243 1817 393 1881 uullitrtena
413 1823 601 1896 principaliter
619 1825 793 1892 intentatum,
813 1830 917 1884 diserta
934 1843 962 1886 et
980 1851 1016 1889 se·

754 2015 1088 2096 ntsrttmto
1127 2015 1337 2096 DECIMA

315 2217 434 2331 ult
487 2221 676 2332 ΨΜ
722 2223 1037 2348 dudittt
1083 2227 1767 2351 uutttdttttttttdu

525 2463 965 2582 tttuuutttt
1012 2466 1567 2594 ttuuuttudlt.

797 2735 851 2778 Di}
874 2736 1034 2781 ΕΟῙΕΙΒΙ.
1060 2733 1143 2779 Hillo
1173 2735 1307 2777 mxcv.

902 2920 1182 2966 ΙΗΡΟΝΜΝΗ

552 3085 742 3154 GUSTdV
769 3085 954 3154 FRIDER.
979 3084 1190 3152 HEESPEN
1204 3137 1214 3169 ,
1238 3084 1538 3157 OLDENBURG.

764 3323 1320 3371 ..W-

968 3529 997 3598 1.
1019 3531 1059 3599 tt.
1082 3531 1117 3600 J.

204 3728 373 3874 Optima
399 3785 490 3854 illius
514 3785 656 3892 reipubl.
680 3783 828 3852 conditio
850 3797 918 3864 est,
940 3783 979 3850 in
1003 3809 1068 3877 qua
1094 3785 1162 3852 solo
1188 3788 1260 3874 jure
1292 3785 1415 3854 civium
1447 3787 1576 3943 nepotis
1605 3803 1870 3878 mmpouuntur,

207 3877 473 3966 necquicquam
500 3892 704 3964 pertulusum
729 3875 862 3940 libidini
888 3873 1108 3965 relinquitur.
1134 3874 1274 3942 Publica
1304 3880 1394 3943 enirn
1423 3877 1463 3943 ad
1509 3901 1557 3944 soc
1584 3881 1762 3946 constituta
1790 3895 1867 3946 sunt

203 3962 348 4051 judicia,
374 3979 411 4030 ut
437 3966 583 4056 quisque
608 3990 665 4056 per
688 3965 833 4059 judicem
856 3983 1020 4054 reposcat,
1045 3965 1134 4058 quod
1159 3989 1257 4033 suunt
1281 3979 1348 4040 est,
1372 3991 1430 4033 nee
1455 3969 1585 4058 propria
1609 3985 1724 4054 sponte
1740 3969 1791 4057 jus
1806 3971 1871 4036 sibi

207 4055 310 4134 dicat,
335 4075 367 4122 et
391 4081 459 4122 retu
485 4057 657 4145 possessori
682 4054 830 4122 truserat.
856 4053 954 4121 Unde
977 4054 1045 4122 dir.
1069 4057 1197 4122 lllsrcus
1221 4057 1398 4144 imperator
1427 4059 1496 4122 rim
1523 4068 1557 4122 et
1584 4069 1665 4125 tuuc
1695 4058 1766 4124 fieri
1794 4081 1883 4132 cen·¹

206 4145 636 4302 :littttlttlldt
653 4144 744 4301 ,pp
755 4143 1871 4324 i⁰biz³iilttt'22ttt”td„llt‘lttt‘tl‘tlt‘tdli

211 4325 357 4402 riritur,
381 4349 418 4391 ac
443 4327 469 4391 si
495 4344 581 4392 extra
608 4323 773 4415 rempubl.
799 4259 981 4410 viveretur3
1005 4339 1038 4391 et
1067 4327 1192 4404 nescio,
1220 4347 1351 4406 ennon,
1383 4323 1474 4416 quod
1504 4323 1584 4389 olins
1616 4325 1658 4392 de
1686 4260 1866 4394 Germania

210 4431 318 4488 nostra
344 4415 379 4480 in
406 4417 516 4505 aprico
541 4431 624 4498 erat,
648 4415 747 4483 hodie
771 4414 880 4481 multo
903 4414 998 4480 aliter
1019 4439 1089 4482 sese
1114 4413 1247 4500 habasq
1264 4415 1353 4506 quod
1378 4416 1521 4481 multum
1531 4413 1630 4504 facti
1641 4439 1767 4509 purum
1775 4417 1871 4506 juris

209 4506 337 4595 ubique
361 4507 569 4594 conspicuum
595 4508 653 4576 sit:
676 4521 762 4572 certe
784 4505 849 4570 aliu
872 4505 926 4572 lon
952 4527 970 4570 e
992 4529 1109 4584 sensu,
1133 4528 1232 4596 quarn
1257 4528 1324 4597 quo
1346 4505 1439 4574 Jstus
1469 4509 1520 4596 jus
1553 4505 1590 4570 in
1618 4505 1702 4573 sacto
1732 4509 1871 4595 positura

210 4617 278 4661 esse
302 4594 401 4674 dicit,
425 4595 448 4660 l.
475 4596 530 4661 52.
555 4595 582 4683 ἃ.
610 4622 642 4662 a.
666 4595 703 4662 d.
728 4593 775 4663 cd
798 4595 821 4660 l.
845 4527 951 4690 cquid.
972 4595 1028 4662 sed
1052 4599 1105 4688 jus
1128 4594 1163 4658 iu
1189 4595 1272 4662 sacto
1295 4595 1375 4661 adeo
1398 4595 1574 4686 quaeritur
1602 4593 1716 4678 hodie,
1747 4605 1785 4660 ιιι
1814 4595 1875 4688 qui

208 4687 264 4752 viu
279 4687 374 4772 fuctt'
397 4685 443 4751 rei
469 4687 699 4776 possessionem
724 4691 882 4776 consequi
906 4687 1028 4776 possit,
1050 4683 1090 4751 ad
1114 4684 1259 4776 judicem
1283 4707 1357 4752 raro
1380 4697 1544 4765 recurrat,
1572 4685 1628 4752 sed
1662 4683 1872 4752 beatitudine

267 4775 451 4843 ridentium
475 4777 539 4842 sibi
564 4776 766 4866 gratuletur,
794 4775 891 4866 plane
914 4799 1068 4858 securus,
1091 4799 1134 4841 an
1152 4777 1224 4864 jure
1241 4798 1282 4842 sn
1300 4775 1422 4868 injuria
1441 4775 1669 4867 pussessionem
1685 4774 1873 4864 apprehen-

210 4797 317 4933 ddiit.
344 4863 440 4932 Unde
464 4865 552 4932 inter
576 4889 665 4958 reges
689 4867 919 4958 principesque
944 4866 1040 4932 hodie
1055 4866 1119 4956 jus
1143 4867 1179 4932 in
1203 4869 1312 4940 armis
1337 4863 1478 4954 positum
1506 4887 1576 4931 esse
1609 4863 1784 4950 creditur,
1807 4887 1877 4960 quo

235 4958 268 5022 ui
293 4957 392 5024 altero
417 4957 596 5046 potentior,
620 4969 653 5022 et
676 4956 717 5024 ud
740 4955 980 5023 defendendam
1005 4956 1238 5046 possessiouem
1261 4955 1383 5045 aptior,
1407 4955 1510 5022 altero
1531 4953 1648 5044 justior
1675 4967 1875 5046 reputetur.

248 5046 311 5114 uod
337 5069 397 5112 usu
422 5045 623 5114 Germaniae
648 5047 814 5138 quoudatn
840 5047 883 5112 ita
907 5043 1067 5127 invaluit,
1092 5063 1130 5112 ut
1151 5045 1380 5112 saluberrimis
1401 5043 1697 5113 constitutionibus
1728 5042 1770 5110 de
1798 5070 1877 5136 pace

211 5136 341 5230 publica
369 5135 598 5226 promulgatis,
623 5135 699 5204 huic
724 5135 808 5203 meio
832 5135 888 5203 rix
911 5134 1042 5202 obviem
1067 5136 1109 5202 iri
1133 5135 1294 5226 potuerit,
1317 5158 1391 5200 cuns
1417 5157 1493 5202 reso
1515 5135 1679 5223 supersint
1695 5157 1799 5214 casus,
1816 5133 1875 5202 ubi

213 5252 279 5293 uon
303 5249 429 5314 semper
452 5225 493 5291 ad
518 5223 659 5316 judicent
684 5250 854 5294 recurrere
877 5225 975 5304 licet,
999 5224 1055 5291 sed
1078 5224 1112 5291 lt.
1138 5225 1346 5313 publicarum
1371 5226 1533 5314 permissu
1556 5225 1647 5292 riam
1658 5223 1752 5310 sacti
1773 5223 1875 5318 elige·
1912 5221 1920 5242 ‘

212 5343 248 5384 re
273 5316 410 5394 ineest,
434 5337 552 5406 operae
578 5319 721 5404 pretium
747 5317 816 5384 fore
838 5315 973 5396 censui,
997 5314 1133 5406 quando
1155 5316 1348 5403 benefacti
1370 5316 1460 5384 viam
1484 5315 1695 5404 principibus
1717 5313 1875 5382 statibus-

211 5433 280 5498 que
314 5407 445 5496 imperii
479 5408 698 5494 permissam,
723 5431 761 5474 ex
787 5403 926 5494 publicis
947 5405 1241 5472 constitutionibus
1264 5407 1296 5470 in
1324 5406 1455 5484 uirsrn,
1481 5415 1515 5468 et
1543 5407 1733 5494 speciminis
1760 5403 1873 5472 acade-

214 5499 289 5564 mici
316 5494 386 5562 locu
408 5495 555 5560 eamdem
582 5497 716 5585 publico
739 5494 883 5562 examini
908 5496 1047 5561 sistant.
1071 5493 1192 5562 Fateor
1219 5429 1395 5586 equidem,
1427 5492 1619 5582 ampliorem
1656 5495 1740 5562 hanc
1770 5507 1873 5562 male·

215 5592 295 5655 risus
320 5609 404 5668 esse,
428 5609 529 5675 quatu
556 5599 592 5654 ut
617 5609 675 5676 pru
698 5586 859 5679 dignitate
885 5584 1038 5651 brevibus
1061 5584 1112 5650 his
1136 5585 1264 5673 paginis
1286 5585 1420 5652 enodari
1446 5585 1572 5673 possit,
1595 5585 1661 5651 into
1693 5583 1874 5654 decisiones

214 5680 248 5746 in
275 5679 333 5746 hac
359 5679 490 5744 materia
516 5697 581 5744 neu
608 5675 671 5742 leri
697 5676 841 5770 periculo
863 5675 1019 5743 obnoxias
1043 5696 1131 5758 esse,
1155 5695 1229 5740 cnm
1255 5673 1351 5742 hellis
1373 5673 1530 5744 civilibus
1555 5675 1638 5742 riam
1658 5675 1733 5743 sacti
1749 5678 1892 5744 intern-¹

2057 5732 2114 5748 Α
