4510 6214
465 261 519 314 illd

413 363 436 406 et
458 353 588 425 principis
607 359 646 426 jus
667 356 734 409 eirca
755 353 810 408 'eam
831 351 982 419 excludere,
1002 371 1054 424 quo
1073 363 1157 404 tamen
1178 352 1223 403 iu·

413 442 499 492 rulant
518 441 576 492 sine
595 441 675 494 duhiu
694 442 721 490 in
738 443 778 508 jus
798 437 927 508 principis
947 435 1016 489 circa
1037 435 1224 498 sarraAEsern·

1019 255 1205 312 ntsttist'r.
1223 251 1294 309 ttttt.
1313 253 1429 310 CAPUT
1447 255 1496 309 ttt.

1976 249 2027 306 ΒΗ

1275 355 1408 408 unr'rersa:
1426 349 1603 421 Respondeas
1619 351 1678 406 noli
1688 362 1714 408 te
1726 367 1847 422 gravare
1864 344 2028 412 imperator,
2049 357 2076 401 nt

1272 447 1350 507 puter
1362 449 1387 489 te
1399 436 1427 490 in
1445 457 1492 500 eu,
1511 454 1580 505 qrrae
1594 434 1784 500 divinarunt,
1810 435 1953 501 imperiale
1973 435 2079 504 aliquod

414 527 484 595 plum
505 541 594 577 mersa
613 525 684 576 sistit
704 523 810 574 lihcllus
828 522 958 590 quidam,
986 519 1027 569 cui
1047 521 1139 570 titulus
1160 520 1224 570 Bir·
1268 521 1318 594 jas
1330 521 1557 577 hahereznolr'te
1569 519 1711 579 extollere,
1728 517 1779 572 sed
1787 518 1865 571 sinis
1886 519 1988 571 diutius
2003 519 2079 587 irnpe-

408 611 551 662 ascinirctre
574 612 702 662 Answors
714 603 782 673 uaff
794 603 837 656 die
856 603 1031 658 Netlseuiselse
1044 603 1222 674 chelpepriin-

409 693 469 746 deta
492 694 730 761 Verantsuartang,
751 690 794 740 uhi
815 689 940 758 inprimis
966 688 1017 756 legi
1046 700 1159 740 rueretur
1183 705 1223 738 re·

411 791 535 844 sponsum
554 772 685 825 facultatis
703 773 861 839 theologicae
881 770 1102 839 marpurgensis,
1122 772 1150 822 in
1169 788 1222 840 quo

412 875 494 930 poena
515 855 671 909 remotionis
689 856 724 908 oh
745 859 897 924 denegatam
924 855 1110 907 illustrissimo
1131 853 1225 908 comiti

411 939 785 1008 iseuhusgensiuheslieutians
805 938 947 1010 inspectori
963 936 1096 991 Nethenio
1114 937 1164 992 iuit
1183 938 1225 989 sli-

410 1033 495 1077 ctata.
512 1023 579 1076 Add.
592 1024 682 1077 escell.
695 1024 740 1074 rin.
754 1023 878 1076 Thomas.
904 1023 1050 1078 Vindictae
1078 1022 1149 1091 iuris
1167 1041 1224 1076 ma·

406 1108 469 1179 1'est.
482 1111 554 1160 eirca
566 1125 647 1162 saera
658 1144 666 1172 ,
679 1125 743 1176 quae
758 1106 860 1177 plenius
877 1124 923 1169 ea,
944 1123 1009 1176 quae
1030 1106 1081 1158 huc
1101 1103 1201 1156 iaciunt
1214 1139 1223 1169 ,

359 1204 395 1256 85
412 1193 590 1264 suppeditant.
606 1190 655 1246 Sed
670 1201 756 1242 tnrnrn
772 1201 797 1242 et
811 1191 950 1261 principes
968 1191 1013 1242 hiu
1032 1189 1134 1242 liruiies
1154 1199 1225 1258 pote·

411 1279 488 1330 statis
501 1295 562 1329 suae
573 1276 698 1328 excedere
715 1291 765 1326 uun
780 1274 893 1336 debent,
909 1282 1077 1344 reputantes,
1090 1271 1140 1323 sihi
1154 1287 1225 1324 oom-

411 1373 502 1434 petere
513 1359 726 1430 superioritatem
742 1359 768 1410 in
782 1357 903 1420 ecclesia,
919 1375 971 1410 non
986 1357 1013 1407 in
1026 1355 1180 1414 ecclesiarn,
1196 1354 1224 1404 in

411 1443 529 1496 diuinum
542 1441 674 1506 ordinem,
688 1457 739 1491 nun
754 1443 782 1491 iu
795 1443 850 1509 ipsa
864 1440 965 1500 divium
975 1437 1087 1506 Ziegler.
1099 1436 1127 1487 in
1138 1435 1224 1506 prael.

414 1526 698 1582 carminantes.
718 1543 747 1576 e.
767 1522 800 1576 de
813 1515 901 1596 judic.
921 1522 1036 1593 alioquin
1061 1521 1223 1589 epistalntata

414 1625 474 1666 sunt
489 1611 639 1670 ambitioso,
657 1609 756 1660 uullarn
776 1612 831 1661 rins
856 1607 993 1676 obligandi
1015 1605 1160 1666 habentia,
1178 1620 1225 1654 ceu

412 1715 470 1767 rap.
484 1705 568 1748 antec.
582 1710 608 1745 n.
623 1693 665 1745 il.
679 1709 731 1760 seq.
748 1693 852 1762 plenius
866 1691 1082 1743 demonstratura.
1095 1687 1226 1739 Breviter:

358 1775 394 1828 ⁸⁰
413 1784 448 1834 itu
462 1796 490 1832 se
502 1789 591 1846 gerant
609 1777 697 1828 clerici
710 1779 779 1830 circa
800 1776 962 1846 epistalmata
983 1771 1133 1842 principum
1155 1786 1225 1822 sacra

413 1865 592 1933 respicientia,
611 1860 697 1912 nevel
715 1861 762 1911 liei
779 1861 846 1922 iussa
867 1864 1076 1927 postponantur,
1092 1856 1131 1908 sel
1144 1855 1224 1906 etiam

413 1948 532 1999 sirbitum
545 1944 662 2013 principi
682 1943 850 2010 obsequium,
863 1943 895 1992 ah
909 1942 969 2010 ipso
982 1941 1038 1992 Deo
1049 1945 1125 1994 Bam.
1141 1941 1225 1992 XIII.

412 2030 604 2105 praescriptum
618 2037 716 2079 temera
730 2036 756 2078 et
769 2032 904 2095 praetextu
926 2023 1064 2092 religionis
1083 2030 1205 2074 recusent
1218 2045 1226 2072 .·

382 2121 384 2124 ’
413 2118 590 2170 htrhorremus
603 2112 674 2162 enirn
689 2111 806 2160 meritus
826 2108 928 2174 vulgato
940 2107 1132 2160 oauuuiatarurn
1154 2106 1226 2156 dictu

410 2204 446 2254 ad
457 2217 480 2252 n.
492 2199 516 2250 si
526 2215 606 2264 papa.
620 2197 644 2246 6.
657 2197 684 2248 d·
700 2195 742 2245 ll).
755 2193 868 2246 Etiamsi
882 2209 948 2260 papa
969 2193 1053 2244 snulta
1075 2191 1160 2242 ruillia
1180 2189 1226 2241 lto·

413 2284 515 2334 minum
529 2279 605 2329 rlrrcat
617 2277 649 2328 ad
669 2277 827 2344 gehennam,
840 2293 917 2328 nernu
931 2285 1018 2327 tunseu
1033 2275 1124 2326 dicere
1136 2270 1226 2324 dehet.-

413 2385 485 2435 papo
501 2358 669 2435 prridfirer's?
698 2363 772 2412 ilaue
792 2362 865 2411 enirn
887 2359 1050 2430 tyrannidem
1074 2356 1227 2426 jamdudum

414 2451 575 2504 esorssimus
588 2462 634 2517 per
651 2445 700 2496 Dei
714 2448 839 2511 erastum.

359 2557 395 2610 pq
461 2536 529 2587 Satis
551 2529 687 2584 commode
712 2530 777 2581 haec
801 2527 929 2580 illustrari
955 2533 1081 2596 poterunt
1103 2525 1227 2592 exemplo

414 2616 550 2670 tlrultruaii
569 2617 681 2666 arlduclu
699 2616 728 2666 ia
742 2631 763 2666 s.
778 2612 936 2674 consenior.
950 2613 994 2664 st.
1006 2629 1030 2663 c.
1042 2611 1087 2662 23.
1107 2630 1131 2681 q,
1146 2611 1172 2662 8.
1191 2625 1225 2662 es

412 2719 465 2772 quo
484 2701 620 2770 potissima
641 2697 669 2752 iu
690 2699 806 2748 medium
826 2697 971 2764 producere
994 2711 1088 2765 operae
1111 2695 1228 2764 pretium

415 2801 471 2837 esec
490 2784 572 2832 rlrrxi.
599 2782 636 2831 ltu
656 2792 741 2834 nutem
770 2781 859 2849 inquit
884 2780 1056 2831 Ambrosius:
1081 2778 1230 2832 convenior

418 2869 476 2936 ipse
488 2887 505 2920 u
517 2864 659 2918 comitibus
671 2875 697 2916 et
711 2863 837 2925 tribunis,
851 2874 880 2914 at
894 2863 1035 2914 Basilicus
1055 2870 1164 2914 matura
1183 2859 1231 2926 fie-

417 2963 457 3004 ret
471 2949 593 3010 eruditio,
606 2947 766 3005 dicentibus,
783 2944 972 3016 imperatorem
977 2945 1044 3016 jara
1056 2961 1106 2998 stra
1118 2944 1159 2998 asti
1172 2979 1180 3008 ,
1197 2962 1229 2996 eo

416 3035 491 3104 prend
502 3035 529 3086 in
541 3041 674 3100 potestate
685 3031 743 3100 ejas
754 3039 840 3082 esseut
852 3029 956 3082 omnia.
968 3030 999 3080 ln
1014 3028 1063 3082 hos
1075 3041 1131 3080 erat
1145 3028 1226 3080 siturn

420 3115 589 3188 imperatoris
607 3115 758 3184 epistalusa.
778 3114 922 3181 Denegaait
936 3123 1020 3164 autem
1037 3112 1192 3164 Ambrosius
1204 3110 1230 3163 ei

416 3202 582 3268 obsequium,
602 3199 664 3250 alurn
685 3199 733 3249 huc
752 3199 830 3250 crudo
848 3197 1002 3265 respondit:
1024 3197 1050 3248 si
1067 3216 1085 3250 a
1103 3213 1144 3248 me
1161 3206 1231 3262 pets·

417 3292 467 3342 ret,
482 3280 556 3351 qnocl
569 3298 657 3333 meum
671 3291 756 3340 esset,
769 3281 786 3333 i.
799 3277 950 3347 escendam
965 3297 1069 3341 meam,
1090 3290 1230 3349 argenium

418 3384 516 3424 meram.
527 3364 572 3432 jur
584 3363 744 3434 lrrq'nrmodi
757 3379 862 3428 meam,
883 3381 924 3414 me
937 3381 994 3414 nou
1008 3361 1229 3430 refragatarrrrns

417 3469 514 3524 verpm
531 3467 574 3512 ea,
586 3467 656 3518 qaae
675 3447 773 3500 divina
797 3457 860 3500 sant
870 3483 879 3508 ,
901 3447 1093 3518 imperatoriae
1104 3447 1233 3512 potestati

418 3530 481 3587 naa'
503 3542 568 3586 sant
588 3530 730 3598 subjecta.
751 3529 809 3582 Nou
830 3531 963 3599 inquiram
981 3529 1088 3600 quidens
1107 3532 1209 3584 curiose
1219 3568 1230 3596 ,

417 3629 548 3690 quatenus
569 3617 726 3670 Ambrosius
750 3617 866 3685 potuerit
893 3619 962 3684 juste
987 3615 1130 3670 detrectare
1154 3617 1231 3670 obse·

418 3709 520 3774 quium,
539 3713 567 3755 et
584 3719 617 3754 au
635 3701 773 3767 epistalrua
791 3699 825 3752 rla
843 3701 1080 3770 templotrsdeutlo
1094 3701 1233 3755 hornotinis

419 3793 451 3840 sit
472 3788 603 3856 injustum
630 3785 708 3838 etiarn
737 3785 839 3837 ratione
866 3784 1045 3848 executionis3
1073 3795 1135 3838 sunt
1157 3787 1231 3838 enirn

418 3873 480 3924 haec
499 3872 591 3940 utique
603 3869 707 3920 altioris
720 3867 865 3935 indaginis;
878 3868 1020 3922 christiani
1035 3871 1088 3921 reri
1103 3874 1229 3938 ternplum

420 3957 449 4006 in
468 3954 546 4007 corde
566 3951 678 4004 habent:
699 3951 742 4002 sed
762 3952 828 4002 illud
848 3952 933 4005 saltim
953 3952 1016 4004 inde
1027 3954 1147 4021 patescit,
1158 3974 1234 4010 acen.

402 4050 474 4090 'rate
495 4036 578 4088 inisse
596 4035 762 4088 obserraiarn
781 4035 984 4089 distinctionem
1010 4036 1039 4089 in
1068 4037 1138 4091 thesi
1162 4040 1234 4095 iuter

421 4139 467 4183 ea,
485 4139 552 4190 quae
569 4121 658 4174 saltim
679 4139 693 4172 s
712 4129 786 4188 parte
805 4119 995 4189 praecipientis
1014 4129 1076 4171 sttttt
1095 4121 1196 4192 iniqua,
1208 4137 1234 4178 et

419 4225 484 4277 quae
502 4207 584 4260 etiarn
603 4225 616 4254 a
636 4215 709 4274 parte
726 4203 890 4273 exequentia.
911 4201 976 4255 lnale
994 4207 1095 4272 pergit:
1113 4209 1233 4276 adparet.

419 4291 541 4344 monium
552 4288 660 4359 petitur,
679 4286 820 4340 s'rsvudite:
847 4285 873 4338 si
889 4303 1002 4358 eorpus,
1025 4303 1166 4342 occurrant
1184 4305 1234 4348 ete.

424 4376 548 4445 Applicat
566 4383 656 4426 autern
675 4373 773 4426 clarius
781 4409 790 4439 ,
809 4389 874 4440 quaa
894 4372 921 4424 iu
950 4373 1018 4426 thesi
1044 4378 1183 4442 attulerat,
1201 4381 1234 4432 arl

424 4459 583 4526 hypothesin
603 4457 730 4509 diceudo:
750 4459 908 4520 mandatur,
919 4455 1000 4510 trade
1012 4456 1158 4522 basilicam,
1170 4465 1198 4516 la.
1211 4483 1235 4519 e.

422 4542 467 4592 dic
478 4537 593 4608 aliquod
605 4539 718 4590 verbum
732 4538 762 4590 in
774 4540 860 4591 Deam
873 4546 899 4589 es
911 4555 1024 4606 morare,
1032 4559 1081 4594 nec
1090 4546 1180 4600 solans
1193 4549 1236 4602 clio

424 4625 549 4678 adversus
569 4623 668 4682 Deum,
679 4625 728 4675 sed
740 4619 879 4691 etiamsas
891 4622 1017 4678 adsersus
1030 4627 1119 4680 Deum
1132 4669 1138 4684 .
1151 4633 1236 4687 Man.

422 4707 517 4772 dasrrr,
541 4707 619 4760 trude
635 4706 735 4759 altaria
754 4706 808 4760 Dei
818 4745 825 4769 ,
836 4723 966 4777 urgemur
989 4709 1074 4779 igitur
1088 4720 1236 4788 praeceptis

425 4791 569 4864 regalibus,
589 4791 638 4844 sed
654 4791 854 4860 confirmamur·
878 4793 1032 4859 scripturae
1052 4799 1236 4854 sermonibus,

427 4877 490 4928 lude
509 4871 610 4925 inient:
629 4890 771 4941 nanqrrom
785 4873 877 4927 solens
896 4874 1103 4942 jussissemus,
1126 4895 1236 4942 sauctus

426 4973 578 5032 repugnare
590 4973 647 5009 nara
660 4954 730 5016 novi,
741 4966 836 5027 potero
849 4955 950 5021 dolere,
961 4961 1143 5031 pateroflere,
1159 4979 1236 5037 pm.

425 5065 456 5100 ro
468 5061 574 5114 perstare
587 5041 720 5096 adsersus
733 5057 821 5105 arma,
835 5041 931 5093 milites
945 5042 1049 5096 Gothus
1059 5065 1183 5118 quoque,
1196 5055 1236 5108 ιη.

425 5134 551 5202 ctrryrnae
563 5145 635 5180 meae
648 5141 707 5177 mea
725 5143 806 5180 arma
816 5135 887 5179 sant.
900 5125 981 5181 Talia
991 5129 1062 5181 enim
1075 5144 1140 5186 stans
1151 5137 1239 5190 mani·

427 5225 519 5270 menta
532 5211 688 5265 sucerdotis.
704 5209 795 5261 Aliter
808 5225 857 5260 nec
869 5208 961 5272 dedeo,
974 5229 1025 5266 nec
1042 5231 1153 5280 possam
1172 5222 1239 5274 resi·

426 5313 505 5356 mre,
527 5295 634 5365 Egregia
654 5309 716 5346 anne
735 5294 824 5360 regula
843 5293 895 5344 riri
914 5295 955 5362 pii
974 5306 1064 5349 contra
1082 5301 1167 5356 zelum
1182 5305 1238 5372 pta.

430 5388 555 5436 rimorum
576 5381 747 5437 clericorum,
766 5378 826 5447 plus
850 5394 926 5445 quatu
951 5383 1092 5434 resistendi
1120 5387 1237 5440 studium

432 5467 586 5528 forentium,
607 5477 717 5530 quorum
736 5475 807 5512 arma
827 5463 909 5524 magis
927 5474 988 5514 suut
1006 5467 1121 5518 carnalia
1137 5505 1145 5530 ,
1161 5487 1239 5537 quum

430 5549 593 5620 spiritualia.
612 5545 757 5614 Expressus
774 5545 858 5594 adlrsrc
874 5545 966 5598 earlern
984 5551 1095 5616 exponit
1114 5551 1140 5601 in
1167 5571 1237 5625 seqq,

430 5635 584 5704 Atlepnuffi
594 5635 690 5700 inquit,
704 5632 863 5696 imperatori
875 5632 955 5686 licere
966 5636 1072 5700 omnin,
1085 5638 1167 5706 ipsias
1180 5659 1238 5697 em

1275 621 1345 668 rare,
1359 618 1415 658 esso
1432 607 1489 657 Deo
1502 603 1630 656 antidicus.
1648 603 1785 670 Scriptum
1799 611 1846 654 est:
1859 621 1927 670 quae
1941 601 2002 667 liei,
2018 603 2081 663 ὒεος

1273 707 1343 756 qnae
1362 689 1496 750 Caesaris,
1508 686 1632 742 Caesari.
1648 688 1696 738 Aa
1711 687 1898 754 imperatorem
1910 684 2012 754 palatia
2029 699 2083 751 per·

1274 777 1370 835 tinent,
1385 773 1423 826 ad
1430 774 1603 826 Sacerdotem
1617 771 1753 825 eeclesiae.
1763 769 1942 824 Publieurum
1954 769 2004 822 tihi
2016 785 2083 820 mue·

1275 855 1350 907 niam
1365 855 1412 923 J'rrs
1430 856 1662 926 quaerimonias
1677 870 1838 906 sacrarum.
1858 856 1959 906 lteram
1974 849 2082 905 eliciturs

1275 935 1419 990 mandasse
1430 939 1636 1004 imperatorem
1652 938 1735 991 debeo
1748 946 1774 989 et
1786 954 1834 1004 ego
1849 953 1934 989 ursam
1948 935 2083 987 basilicans

1275 1020 1388 1074 liabere-
1412 1021 1560 1091 Respondi:
1577 1039 1636 1074 nun
1650 1022 1714 1074 tr'cer
1732 1020 1783 1074 libi
1794 1021 1870 1072 illam
1884 1021 1993 1072 hahere.
2019 1016 2086 1086 (laid

1274 1106 1323 1157 tibi
1333 1124 1392 1159 cum
1408 1107 1556 1159 adultera?
1573 1107 1696 1160 adultera
1710 1107 1783 1159 enim
1801 1117 1856 1169 est,
1881 1123 1953 1177 quae
1974 1121 2031 1158 nats
2049 1115 2085 1157 est

1273 1189 1393 1257 legitima
1413 1189 1518 1244 Christi
1530 1191 1659 1260 conjugio
1677 1192 1817 1253 copulatu.
1837 1191 1959 1243 Declarat
1976 1189 2039 1240 isaeo
2057 1191 2084 1242 iu

1273 1271 1444 1338 sequentihus
1462 1273 1584 1342 exemplo
1601 1272 1733 1326 Nabothis
1757 1289 1816 1324 cunt
1842 1271 2042 1342 applicatione,
2059 1281 2085 1324 et

1276 1356 1388 1408 tanrdarn
1406 1357 1545 1422 concludit,
1559 1374 1586 1410 ae
1598 1373 1649 1407 nou
1670 1373 1745 1425 posse
1755 1359 1879 1426 templurn
1893 1355 2006 1418 tradere,
2017 1351 2085 1424 qnod

1273 1443 1473 1496 custodientium
1493 1443 1645 1510 acceperit.
1667 1444 1738 1496 Saue
1761 1443 1826 1494 haec
1852 1440 1943 1493 eadem
1969 1439 2085 1509 quaestio
2100 1450 2129 1500 οε

1274 1529 1354 1579 etiarn
1374 1527 1454 1580 hodic
1474 1527 1541 1596 proh
1561 1524 1654 1578 dolor!
1681 1536 1740 1594 post
1766 1524 1897 1578 funestum
1921 1524 1998 1576 illuns
2019 1523 2088 1592 pacis

1273 1612 1385 1680 Byswie.
1400 1621 1452 1663 art.
1466 1609 1494 1661 l.
1507 1610 1668 1672 renascitur,
1682 1619 1709 1662 et
1722 1607 1822 1662 eisdem
1836 1607 1953 1679 querelis
1968 1646 1975 1671 ,
1996 1607 2087 1677 quibus

1278 1694 1432 1747 Ambrosius
1450 1694 1480 1746 in
1497 1693 1577 1762 alleg.
1596 1709 1619 1743 c.
1637 1709 1699 1744 usus
1718 1701 1775 1757 est,
1794 1691 1885 1744 oannis
1906 1691 1985 1761 plena
2005 1699 2032 1740 et
2049 1707 2087 1743 re·

1275 1780 1340 1833 ierta
1360 1795 1416 1830 esse
1435 1788 1551 1830 constat.
1571 1777 1623 1831 set
1643 1791 1703 1828 eum
1719 1775 1830 1828 vulnera
1849 1774 1885 1827 ita
1907 1773 2089 1827 recrudescere

1275 1863 1417 1931 incipiunt,
1435 1863 1520 1928 suajus
1535 1859 1601 1913 sntio
1614 1860 1666 1911 erit
1678 1858 1732 1929 piis
1746 1867 1772 1910 at
1785 1856 1954 1910 terrentibus
1966 1858 1998 1909 ad
2009 1857 2088 1910 Deum

1276 1947 1342 2000 lusis
1355 1946 1477 2016 precihus
1495 1943 1668 2015 praecavendi
1681 1959 1777 2012 ,quarn
1790 1941 1960 2011 disputandi,
1974 1955 2086 2013 praeser-

1277 2036 1325 2086 tirn
1344 2049 1404 2084 curn
1421 2031 1588 2099 epistalmata
1602 2027 1630 2078 in
1643 2027 1695 2078 hon
1709 2027 1813 2096 negotio
1825 2028 1983 2096 plerumque
1995 2028 2087 2080 actutu

1274 2135 1333 2173 esse
1347 2124 1447 2168 armata
1460 2114 1487 2165 h.
1499 2129 1523 2165 e.
1537 2131 1589 2164 nun
1603 2111 1637 2162 arl
1651 2114 1692 2180 jus
1713 2122 1739 2165 et
1757 2113 1860 2179 regulas
1875 2110 1954 2178 aequi
1970 2121 2091 2182 attempe-

1275 2211 1342 2263 rata,
1354 2198 1398 2252 sesl
1412 2199 1451 2251 ria
1466 2195 1529 2249 lacti
1545 2204 1571 2247 et
1584 2195 1699 2247 riulenta
1718 2195 1872 2246 executione
1890 2194 2005 2263 stipata.
2029 2195 2089 2249 lude

1276 2285 1402 2358 patiendo
1421 2285 1509 2355 potius
1528 2280 1751 2354 respondendum,
1770 2297 1849 2352 quarn
1868 2277 2029 2335 frustraueis
2041 2281 2087 2336 tlu-

1277 2370 1332 2420 hiis
1350 2367 1536 2420 resistendum.
1724 2415 1726 2420 ,

1311 2454 1397 2506 Venio
1415 2451 1477 2522 (tt.)
1495 2453 1526 2504 ad
1546 2451 1591 2505 itia
1611 2449 1789 2522 epistalrnats,
1807 2467 1873 2520 quse
1883 2449 1997 2522 publicu
2011 2449 2088 2520 respi·
2103 2453 2131 2505 ii

1278 2539 1351 2592 ciunt
1370 2535 1499 2606 negatio,
1518 2546 1545 2588 et
1562 2535 1595 2587 sd
1614 2535 1759 2589 utilitatem
1778 2533 1913 2603 publicam
1940 2549 2089 2602 promoven·

1278 2623 1338 2674 datu
1358 2623 1464 2674 inventa
1482 2635 1510 2676 er
1529 2617 1680 2672 introducta
1700 2627 1778 2669 sunt.
1797 2615 1849 2668 Ubi
1870 2617 1961 2668 statius
1981 2615 2089 2684 delega-
2105 2634 2133 2684 qq

1278 2711 1322 2773 sis,
1340 2725 1386 2780 per
1404 2725 1468 2778 quos
1487 2705 1604 2760 maairua
1619 2702 1725 2774 publica
1739 2700 1842 2768 negotis
1859 2709 2024 2762 tractantur,
2043 2717 2091 2752 roo·

1279 2795 1359 2846 reuda
1374 2793 1513 2863 peculiaris
1527 2789 1665 2860 quaesti03
1688 2784 1801 2852 (notum
1814 2783 1888 2835 anina
1904 2793 1960 2845 est,
1980 2781 2045 2854 qnod
2063 2796 2089 2832 es

1278 2876 1410 2930 communi
1427 2879 1484 2945 jure
1496 2873 1612 2944 gentium
1627 2866 1830 2922 iuviolahilitste
1842 2867 1960 2934 quadam
1974 2865 2090 2936 singulari

1278 2960 1425 3030 gaudeant.
1444 2956 1599 3024 Christoph.
1613 2953 1706 3022 Cresp.
1717 2951 1751 3005 ‹ls
1762 2951 1896 3005 vattaura
1912 2955 2019 3006 assero.
2036 2953 2090 3004 ttt.

1281 3063 1308 3097 u.
1323 3044 1388 3108 24.)
1406 3059 1438 3092 an
1452 3041 1486 3093 ita
1502 3040 1611 3110 impune
1628 3037 1667 3089 eis
1686 3037 1769 3089 liceat
1780 3035 1897 3105 exequi,
1919 3036 2044 3108 quicquid
2056 3035 2090 3089 eis

1280 3148 1294 3181 a
1307 3125 1431 3196 principe
1443 3123 1615 3176 commissum
1626 3120 1639 3175 i
1650 3123 1707 3175 llos
1719 3117 1829 3190 quidesn
1841 3129 1919 3173 extra
1932 3120 2052 3184 dubiosa,
2065 3122 2088 3172 in
2104 3141 2129 3191 91

1280 3213 1362 3281 legato
1374 3208 1466 3280 quuris
1486 3205 1590 3274 requiri
1611 3207 1780 3274 repperias,
1799 3211 2018 3275 praesentemque
2040 3205 2092 3256 ani·

1282 3313 1352 3349 ruunt
1373 3293 1447 3347 omni
1463 3289 1609 3344 timiditate
1621 3301 1747 3351 vacnum,
1768 3288 1834 3340 dass
1855 3302 1886 3338 er
1903 3287 1992 3340 scires
2009 3287 2093 3340 Herm

1283 3377 1370 3432 Ordre
1388 3373 1568 3430 vollstreclccra
1580 3371 1689 3433 linae,
1701 3387 1733 3423 so
1748 3369 1925 3439 gefirelrrlicia
1947 3371 2005 3424 rand
2022 3369 2095 3424 surcl-

1280 3461 1320 3530 sig
1329 3461 1371 3510 sie
1381 3475 1449 3528 seyn
1464 3459 1557 3524 mipe,
1577 3451 1656 3504 ruodo
1674 3452 1818 3521 prodentia
1844 3455 1961 3522 quadarn
1983 3453 2095 3510 emolliat

1282 3545 1406 3596 duritiem
1423 3557 1520 3594 causae
1536 3535 1720 3606 chqueiort.
1739 3537 1784 3589 lib.
1802 3538 1828 3590 ἢ.
1845 3540 1942 3604 partit.
1957 3542 1982 3592 7.
2002 3552 2028 3593 et
2041 3542 2096 3592 hau·

1280 3637 1354 3680 tenua
1371 3631 1526 3685 excusatur,
1545 3618 1650 3688 qnando
1662 3616 1747 3669 libere
1760 3634 1807 3686 pro
1822 3619 1953 3672 iuteresse
1963 3621 2004 3674 sui
2019 3621 2088 3692 prin·

1280 3709 1350 3779 cipis
1361 3709 1438 3761 serha
1453 3703 1531 3755 lacit:
1544 3701 1590 3755 sesl
1604 3701 1625 3753 ai
1641 3704 1713 3767 jussu
1726 3701 1859 3770 principis
1874 3702 2004 3756 delictum
2021 3719 2087 3757 cnm·
2106 3699 2133 3752 ll

1282 3803 1379 3856 rurttat,
1391 3792 1558 3862 proditiones
1576 3788 1762 3852 machinando,
1777 3789 1955 3861 subditosque
1973 3795 2004 3846 ad
2025 3793 2091 3846 sedi·

1283 3880 1382 3930 tiouem
1403 3875 1559 3936 incitando,
1579 3873 1632 3941 ipsi
1654 3889 1699 3926 sna
1724 3873 1933 3930 inviolabilitata
1953 3877 2091 3944 excidunt,

1285 3959 1378 4014 nenati
1399 3953 1557 4011 heueiidsms
1577 3957 1646 4025 iuris
1665 3958 1785 4026 gentium
1806 3975 1950 4026 procurare
1971 3973 2095 4032 possunt,

1281 4049 1325 4115 qni
1342 4048 1427 4116 ipsum
1442 4046 1482 4111 ius
1495 4051 1566 4111 gent.
1589 4043 1740 4112 proditorio
1759 4061 1832 4096 usore
1852 4043 2006 4100 uiolarunt.
2023 4051 2092 4102 Tuus

1283 4131 1354 4183 euim
1368 4146 1419 4183 nou
1435 4138 1487 4182 tarn
1508 4139 1567 4180 sunt
1580 4126 1674 4195 legati,
1693 4143 1772 4196 quaro
1785 4129 1925 4181 emissarii
1947 4139 1975 4183 et
1993 4131 2091 4184 sicarii.

1282 4213 1465 4268 Nihilominus
1483 4220 1573 4264 tamen
1592 4227 1646 4263 non
1664 4211 1784 4276 desunt,
1809 4213 1854 4282 qui
1878 4197 1976 4284 exequi
1999 4216 2090 4286 legatos

1283 4301 1379 4355 debera
1396 4305 1501 4369 putant,
1520 4296 1583 4348 licet
1601 4296 1641 4350 rel
1660 4293 1734 4348 uelaa
1752 4297 1791 4349 eis
1810 4299 1961 4366 injunctum
1976 4302 2026 4352 sit.
2043 4296 2090 4353 Sed
2106 4308 2133 4360 9³

1284 4386 1320 4438 ita
1338 4386 1420 4454 legato
1437 4383 1495 4454 plns
1513 4380 1605 4434 liceret
1623 4379 1653 4432 iu
1672 4379 1763 4432 alieno
1781 4381 1853 4442 solu,
1872 4397 1951 4448 quarn
1973 4382 2022 4451 ipsi
2034 4383 2092 4448 ejus,

1284 4471 1307 4524 si
1327 4469 1440 4534 adesset,
1457 4465 1591 4536 principi,
1608 4479 1668 4515 eunt
1685 4474 1772 4517 tarsen
1790 4479 1896 4516 ornnem
1914 4482 1985 4518 suasu
2004 4463 2092 4518 sancti·

1284 4564 1361 4607 tatem
1381 4571 1395 4604 a
1413 4551 1554 4604 sanctitate
1573 4549 1703 4602 mittentis
1720 4547 1830 4600 habeat:
1844 4559 1870 4599 at
1888 4560 1989 4612 contra,
2008 4552 2089 4600 minus

1285 4647 1371 4708 posset
1388 4635 1416 4686 in
1436 4651 1481 4688 sua
1499 4632 1604 4686 ditione
1629 4633 1768 4701 princeps,
1790 4647 1868 4700 quam
1894 4632 1924 4684 iu
1949 4633 2025 4686 domo
2048 4647 2088 4683 sus

1284 4719 1444 4793 paterfamil.
1461 4718 1552 4772 excell.
1566 4716 1612 4768 dn·
1631 4713 1754 4769 Thomas.
1766 4714 1887 4786 jurispr.
1900 4715 1957 4769 div.
1971 4717 1991 4768 l.
2001 4717 2025 4767 3.
2037 4713 2087 4766 el.

1284 4803 1307 4876 5.
1331 4805 1374 4859 'lh
1399 4803 1476 4856 Unda
1493 4800 1571 4854 sicuti
1591 4797 1695 4868 quando
1713 4799 1840 4870 princeps
1859 4800 1966 4854 hostilia
1985 4800 2087 4852 molitur
2103 4803 2130 4855 st

1284 4889 1313 4941 in
1326 4887 1438 4941 alterius
1458 4883 1612 4947 territorio,
1633 4883 1759 4953 pupulum
1777 4883 1806 4934 in
1828 4885 2047 4956 conspirationem
2064 4891 2090 4932 et

1285 4971 1443 5025 seditionem
1461 4966 1633 5030 concitando,
1654 4967 1721 5032 iuste
1739 4967 1800 5036 capi
1821 4977 1845 5020 et
1863 4985 1946 5039 poena
1964 4965 2049 5030 affici,
2061 4971 2088 5016 ut

1285 5055 1381 5121 hostis,
1400 5063 1501 5126 potest,
1519 5053 1557 5104 ils
1576 5059 1606 5104 ut
1624 5052 1673 5106 ltus
1689 5069 1751 5105 nasu
1769 5053 1912 5122 imperator
1929 5071 1981 5106 nou
1994 5053 2028 5105 sit
2044 5049 2086 5101 ad·

1286 5138 1404 5202 eundusg
1429 5138 1507 5190 Wes'l.
1527 5135 1582 5188 sich
1604 5136 1647 5189 die
1664 5137 1784 5190 Staende
1802 5139 1848 5190 des
1869 5138 1964 5196 fleialss
1981 5137 2088 5190 selbsten

1287 5223 1411 5276 sehiitaen
1423 5221 1549 5284 konnen,
1562 5238 1585 5272 s.
1600 5221 1680 5289 sopit.
1696 5219 1765 5290 leop.
1778 5231 1828 5272 art.
1843 5222 1871 5273 3.
1889 5233 1915 5276 et
1927 5224 1952 5274 ’1.
1971 5235 2041 5274 secus
2063 5229 2089 5268 ss

1288 5307 1379 5359 statuit
1393 5307 1486 5374 Myler.
1499 5306 1533 5357 ah
1546 5304 1713 5357 tttrreobaatr.
1725 5301 1759 5358 de
1770 5303 1886 5372 princip.
1909 5317 1933 5357 et
1948 5315 2009 5358 stat.
2029 5300 2088 5364 insp.

1287 5409 1309 5444 s.
1327 5389 1403 5462 Μ.
1418 5392 1461 5442 lli.
1481 5389 1520 5440 lta
1544 5389 1613 5439 idem
1635 5387 1776 5440 dicendum
1795 5391 1829 5442 de
1848 5391 1903 5457 ejus
1921 5391 2018 5454 legato.
2035 5385 2087 5436 zie·

1288 5477 1351 5544 gler·
1366 5477 1394 5526 r'n
1408 5483 1464 5525 not.
1477 5475 1512 5528 aa
1524 5475 1560 5527 H.
1579 5473 1857 5542 Grat.l·2.c.18.§.
1875 5473 1900 5524 l.
1922 5491 1949 5526 n.
1966 5471 1990 5522 7.
2012 5465 2084 5522 Sicuti
2102 5471 2133 5524 95

1288 5579 1350 5630 erpo
1369 5562 1423 5630 ipse
1443 5577 1489 5614 rex
1508 5563 1547 5612 rel
1565 5563 1695 5630 princeps,
1708 5577 1786 5630 quem
1801 5569 1971 5632 repraesentat
1985 5545 2086 5622 teguria,

1290 5649 1314 5700 si
1332 5657 1399 5700 esset
1418 5645 1446 5698 in
1465 5646 1600 5725 territorio
1617 5660 1750 5716 praeseus,
1763 5647 1817 5713 ejus
1832 5643 1958 5716 principis
1971 5649 2086 5697 summus,
