4456 6220
263 265 316 320 tet

738 263 785 317 Di.
800 261 948 318 alimonii
967 259 1111 316 Ntttttt
1134 259 1179 316 tt
1195 259 1348 316 onthttE

1781 271 1834 326 lid

166 369 250 434 ussa
270 363 362 418 riesissei
382 362 471 432 possit.
487 361 540 416 iiii
563 360 684 416 alerisarst
701 382 715 414 a
735 364 827 432 gallica
849 379 910 415 sore
931 357 1025 414 ollead
1073 359 1177 428 origine
1196 359 1272 427 hsrjus
1290 349 1359 414 roi-is
1377 358 1411 413 ita
1425 347 1648 418 serihitsmadiles
1661 363 1798 437 leaefieiir
1810 370 1889 444 regiis

198 448 269 516 qssod
282 459 354 500 urta
368 446 471 518 praedia
486 441 629 515 signatior,
643 442 688 496 sed
703 445 765 498 haec
777 447 844 498 hona
856 447 932 516 louge
945 441 1021 496 «ttee-
1073 443 1279 496 unumunurm
1293 443 1411 497 allodiis.
1423 447 1499 498 Haec
1505 447 1613 519 proprii
1622 447 1698 520 juris
1708 463 1803 518 erant,
1814 455 1884 525 for·

203 541 264 582 runt
277 531 310 582 ah
324 533 376 593 iis,
390 549 453 598 quas
468 531 564 598 injure
578 526 675 580 iaudeii
688 526 785 580 allodia
803 531 980 599 appellantur,
991 543 1023 578 eo
1073 536 1143 578 tasse
1155 525 1313 597 germanica
1326 527 1456 580 ambula
1472 530 1511 582 sie
1526 527 1608 595 acra,
1620 532 1695 601 qrsad
1700 532 1832 599 familiae
1845 554 1887 590 ae·

203 619 276 670 esim
290 617 399 696 anseius
419 615 459 664 itti
484 615 589 666 demum
607 609 684 665 iundi
705 612 832 676 amians,
856 629 904 682 pro
927 608 1023 679 quibus
1073 610 1112 664 lut
1129 621 1318 681 coagmentum
1340 612 1396 664 siut
1413 624 1439 665 et
1456 614 1609 688 cunjuncta,
1629 613 1680 670 isac
1696 630 1734 671 est
1752 618 1889 688 insepara-

203 699 398 770 metusmetus
412 697 529 758 utetur,
543 693 798 764 daqutbasvutnr.
812 696 1021 746 liottonsannnns
1072 694 1138 746 titia
1157 712 1173 747 a
1185 695 1305 765 fimsiia
1323 695 1485 760 staunton,
1505 699 1533 751 in
1551 717 1604 770 quo
1622 703 1740 774 sequeitur
1760 701 1888 758 [chrm.

149 795 186 848 ω
200 785 229 838 ies
243 784 438 842 communiis
456 781 527 834 aeris.
542 779 707 851 feudalibus
725 779 775 830 aab
792 796 857 832 esce
875 777 954 830 alode
976 776 1020 846 qui
1073 797 1135 830 nrum
1155 779 1182 832 irs
1197 777 1366 850 derSpeyer.
1383 780 1519 834 Cirraniclr
1532 783 1550 834 l.
1573 783 1597 834 2
1619 801 1643 836 c.
1667 785 1709 838 19.
1729 783 1888 840 referentem

198 885 302 940 qumque
314 855 460 922 esiitisast.
474 865 590 936 primata
613 863 685 918 serbi
705 863 839 934 originem
860 878 893 914 ea
914 879 944 913 ea
968 879 1021 913 ma·
1072 862 1194 916 rassslias
1214 863 1310 914 militia
1331 863 1426 915 misses
1446 865 1473 916 in
1491 865 1623 919 attttsut
1641 865 1715 938 pagis
1741 865 1891 922 haereditus·
1995 921 2005 934 ,

200 959 368 1029 asssaqrsosi
392 957 506 1008 nationis
523 956 593 1007 hello
611 953 727 1006 subactae
744 953 870 1022 praedia,
891 951 1022 1022 bipartito
1071 945 1122 999 riis
1140 946 1227 1016 (quase
1245 947 1340 1000 ailadis
1359 963 1381 999 s.
1408 947 1506 1000 aaladl
1529 950 1665 1003 nominata
1694 947 1784 1019 inere,
1809 952 1890 1008 sitam

202 1038 439 1104 diuiderentrsrcet
455 1041 623 1107 metinrparr
643 1038 776 1090 militibus
797 1035 907 1089 iraends
930 1036 958 1086 in
979 1035 1020 1088 ba·
1075 1033 1248 1101 transegisse.
1279 1031 1331 1083 hiii
1353 1031 1458 1084 tandem
1477 1051 1491 1083 a
1510 1033 1563 1085 sois
1581 1031 1731 1102 germanica
1749 1047 1812 1091 sace
1832 1033 1892 1102 att,
1911 1061 1947 1113 ¹,

203 1119 293 1174 melicii
306 1123 395 1182 idcaas
410 1120 584 1179 tribueretur.
598 1121 678 1171 altars
693 1117 892 1188 perspieheiis,
910 1132 939 1166 sc
960 1115 1022 1167 reti-
1072 1117 1141 1184 quod
1161 1125 1245 1171 totum
1265 1129 1287 1169 et
1306 1117 1384 1186 pleno
1402 1119 1459 1182 jure
1479 1123 1606 1183 sanutus,
1625 1115 1774 1185 deducunt,
1791 1129 1820 1172 nt
1832 1131 1893 1191 post

199 1221 266 1274 qaae
275 1194 611 1274 uuisisu·ttat,qao·testum
624 1202 768 1272 germanici
778 1203 865 1252 sticunt
874 1197 1022 1262 allesleud,
1076 1197 1196 1252 Buait‘sr.
1217 1199 1373 1252 hasserlssch.
1394 1201 1431 1252 ad
1443 1200 1473 1252 ll.
1493 1200 1585 1254 Caral.
1611 1219 1647 1252 m.
1671 1215 1696 1255 e.
1715 1197 1743 1256 i.
1760 1201 1896 1260 existimat

152 1305 187 1358 ῃ
205 1291 279 1361 quasi
305 1291 444 1343 uuisersaa
462 1291 553 1359 plebi·
572 1285 677 1340 Laudas
692 1289 763 1337 enisa
787 1294 813 1336 st
833 1284 908 1338 leudi
924 1281 1021 1352 passim
1076 1283 1235 1337 hittershus.
1254 1284 1282 1337 in
1292 1293 1365 1351 part.
1367 1281 1451 1353 send.
1464 1283 1482 1336 l.
1494 1301 1515 1338 a.
1529 1285 1556 1339 2.
1566 1304 1612 1355 pu.
1627 1281 1744 1338 iihcuns
1759 1305 1819 1342 reru
1831 1287 1893 1342 bae-
1912 1310 1948 1364 ω

200 1374 272 1443 apud
292 1387 432 1442 germanos
455 1383 478 1423 et
507 1369 717 1432 trsccoaattuos
741 1367 882 1420 historicas
903 1365 958 1418 dici
977 1363 1021 1433 qui
1075 1372 1196 1426 hararum
1217 1389 1307 1423 socrum
1326 1371 1444 1439 origines
1463 1371 1591 1426 ist.mera
1616 1370 1782 1426 divinatione
1804 1374 1893 1426 masi·

205 1457 404 1524 saigosahjecti
432 1455 611 1526 appellantur.
632 1451 724 1522 probat
744 1454 938 1504 ssuttemanttm
959 1467 982 1502 c·
1007 1450 1023 1502 l·
1073 1466 1151 1522 stant,
1168 1457 1353 1508 existimamus
1372 1456 1414 1508 sia
1434 1456 1656 1510 adeosccuratara
1672 1457 1741 1511 sacis
1759 1457 1894 1529 originem
2005 1443 2008 1450 ¹

204 1541 296 1593 laem.
311 1540 410 1606 Vulsci.
421 1537 455 1592 de
464 1535 543 1602 seud-
556 1556 584 1609 p.
597 1538 659 1590 titt.
673 1553 700 1588 a.
714 1537 741 1588 1.
755 1534 777 1584 E
793 1535 884 1586 tienne
899 1531 1024 1602 i‘ssqstirt·
1073 1541 1131 1594 dari
1150 1557 1241 1612 posse,
1261 1540 1289 1592 in
1309 1557 1358 1608 qsss
1378 1555 1430 1591 nou
1449 1540 1561 1593 omnino
1578 1542 1717 1612 quicquam
1746 1541 1895 1598 desiderari

203 1625 253 1676 lia.
265 1625 291 1676 2
304 1625 353 1678 des
366 1624 522 1678 rerlsercises
534 1622 567 1676 de
580 1621 608 1674 la
621 1622 729 1675 Franae
746 1621 826 1684 cdap.
851 1620 891 1670 13.
898 1615 958 1688 sal.
978 1617 1023 1667 'ib-
1073 1635 1166 1694 queats
1187 1623 1360 1676 subsistiums
1379 1623 1468 1694 itaque
1485 1623 1515 1682 iu
1532 1623 1576 1678 ilia
1595 1625 1729 1696 opinione,
1749 1646 1764 1681 s
1781 1626 1895 1682 Germa·

153 1698 191 1753 Η
209 1708 296 1762 laisan.
312 1709 342 1760 in
354 1719 409 1760 arat.
424 1709 462 1760 ael
470 1707 582 1776 capitul.
594 1707 768 1760 Ferdinamd.
781 1707 838 1759 111.
852 1715 905 1756 art.
919 1703 964 1754 28.
975 1701 1025 1752 aad
1073 1725 1167 1762 norum
1187 1707 1228 1762 all
1245 1719 1267 1761 et
1286 1707 1339 1762 dde
1358 1709 1406 1760 hoc
1431 1709 1585 1761 socsbuiuus
1612 1708 1794 1776 descendere,
1812 1729 1891 1781 quam

203 1811 268 1846 saca
282 1793 524 1846 Attuttatmtuee.
541 1791 702 1859 Etiirissiaa
719 1785 1025 1843 idiomtiuet'bttmhoe
1075 1794 1130 1848 solo
1149 1793 1246 1846 calculo
1266 1793 1386 1863 probarit
1404 1791 1546 1845 limnaeus
1573 1795 1601 1844 iu
1627 1804 1725 1848 annot.
1751 1795 1790 1849 ad
1811 1791 1892 1863 capit.

204 1889 296 1932 ttatrsm
308 1894 365 1930 esse
378 1877 542 1930 existimarit
554 1875 668 1928 Gerard.
680 1873 795 1928 lairena.
810 1871 920 1924 Vossius
933 1869 967 1921 de
979 1868 1020 1921 vi·

205 1961 252 2015 tiis
259 1963 423 2015 aermaas'set
429 1959 600 2032 glossematis
616 1957 703 2011 latina
715 1955 843 2011 lardaria
851 1954 895 2008 lib.
906 1953 931 2004 2.
940 1951 1024 2023 cupi

206 2063 233 2116 p.
246 2047 305 2098 ΓΠ.
316 2045 365 2098 aad
379 2063 435 2098 aaa.
450 2043 591 2099 allodium.
614 2052 639 2094 et
658 2042 768 2110 quidem
787 2053 820 2090 cs
839 2036 917 2090 aerbo
937 2035 966 2086 al
977 2043 1025 2086 esst

202 2129 278 2201 quai
295 2129 364 2200 quad
383 2131 436 2198 jaas
455 2129 619 2200 abantiquis
638 2126 801 2196 temporibus
814 2137 963 2194 possessura
975 2119 1023 2181 sit,

203 2223 334 2284 tanquan
348 2215 497 2285 proprium,
516 2229 569 2266 nou
588 2225 648 2264 sera
666 2211 818 2264 obtineatur
836 2223 868 2260 ex
889 2204 962 2272 regio
982 2203 1023 2252 be·

203 2296 310 2363 esicio,
330 2298 525 2370 propterquod
546 2295 697 2366 homagium
715 2293 846 2354 debeatur,
865 2300 893 2342 et
915 2284 1025 2358 proinde

202 2385 277 2439 ealda
295 2385 434 2456 deceptum
453 2399 512 2436 esse
530 2381 570 2434 alt
589 2379 757 2434 Hadrianum
772 2379 836 2432 lun.
853 2375 897 2444 qni
924 2373 952 2426 ia
971 2387 1021 2422 no-

203 2469 371 2524 menclatore
387 2485 437 2522 rua
458 2468 509 2522 sat
528 2483 597 2521 acce
612 2467 756 2536 praedium
774 2462 877 2533 optima
898 2457 961 2527 J'urc
987 2455 1020 2506 al·

202 2551 312 2606 ladiaiia
329 2550 383 2606 diei
403 2553 556 2612 existimat.
576 2549 650 2618 quasi
670 2543 913 2612 allands'alia,quis
933 2541 960 2591 iss
979 2557 1023 2592 en·

157 2667 164 2678 .
205 2653 262 2690 rusa
282 2636 386 2688 laudem
406 2648 493 2688 auctor
512 2651 565 2687 noo
583 2633 680 2694 scniat.
695 2647 772 2700 quam
787 2630 946 2681 sententium
960 2641 1023 2696 quo·

208 2737 258 2790 que
274 2717 345 2773 latei
363 2717 440 2772 Gutt.
460 2717 524 2770 ttud.
538 2718 566 2770 iu
578 2725 674 2767 annal.
687 2714 715 2767 itt
728 2713 814 2781 pand.
825 2713 871 2763 cit.
882 2709 915 2763 ab
929 2711 1022 2760 flotta-

210 2823 297 2858 mann.
314 2823 337 2858 c.
355 2806 375 2857 Ι.
393 2815 420 2859 et
437 2803 532 2856 Nicod.
550 2821 584 2858 au
594 2800 688 2872 grand
699 2797 861 2853 diceionaire
873 2793 950 2846 sard.
964 2793 1025 2844 uleus

208 2889 255 2942 cit.
271 2908 286 2941 a
305 2890 416 2959 Gregur.
435 2889 567 2942 Thalosan
586 2905 608 2938 c.
621 2886 640 2938 l.
659 2888 680 2938 h
699 2883 809 2938 Generis
821 2879 912 2934 allodii
924 2877 1024 2931 derisa·

206 2975 307 3026 tionem
327 2973 382 3043 peti
402 2984 428 3026 et
447 2974 520 3042 qumi
545 2968 606 3023 attic
621 2967 687 3025 ideas
698 2969 751 3022 dici
766 2983 866 3039 quoque
880 2981 966 3036 posse,
979 2977 1023 3032 pa·

205 3065 241 3110 iai
263 3055 391 3110 badereli.
409 3057 438 3108 in
452 3073 560 3127 synape.
567 3055 717 3130 jumfeurl.
729 3072 789 3125 cap.
804 3053 830 3104 2.
841 3047 933 3120 infin.

152 3127 190 3182 Η
247 3141 366 3212 Bessique
385 3140 496 3212 plurumi
517 3142 644 3212 inprimis
662 3139 780 3209 germani
803 3132 923 3202 dd.‚spsi
937 3129 969 3184 ad
984 3132 1024 3198 jus

207 3225 312 3280 ieadaie
327 3228 534 3280 commentarios
554 3231 732 3296 scripserunt,
751 3233 777 3276 et
797 3221 870 3273 iilius
889 3218 956 3286 jnrts
974 3213 1024 3267 dii·

207 3310 290 3366 bailia
309 3324 333 3365 et
350 3311 460 3365 obscura
481 3313 664 3381 explanarunt,
684 3311 712 3362 in
731 3325 762 3362 eo
780 3312 954 3364 concurrunt,
972 3299 1025 3352 ori·

207 3398 297 3467 ‘inem
317 3395 395 3464 buius
419 3397 490 3450 sucis
519 3394 674 3454 cucumulae
697 3407 800 3446 nomiae
825 3387 1025 3457 adjudicandam

153 2845 192 2898 ld

209 3495 278 3544 esse,
296 3479 341 3530 ted
363 3498 378 3530 a
395 3497 445 3547 qua
465 3495 526 3531 roae
545 3477 716 3548 potissimum
732 3473 901 3530 descendat.
928 3485 980 3522 aaa
998 3486 1026 3520 o·

153 3561 193 3615 ib
211 3566 313 3620 muium
330 3565 423 3620 eudem
442 3574 481 3616 ast
497 3565 608 3633 opinio·
630 3561 754 3612 Derisant
771 3559 817 3611 aiii
829 3578 843 3609 s
856 3560 935 3610 resim
947 3555 1024 3616 aede,

1076 1876 1247 1932 Fsrdinaud·
1268 1878 1324 1930 ΙΙΙ.
1342 1887 1386 1930 art
1414 1877 1456 1928 28.
1469 1875 1519 1929 tud
1539 1893 1607 1931 vaae
1619 1877 1841 1931 attollat-(tuus.

1111 1959 1267 2013 Asccdimus
1280 1970 1420 2031 eapropter
1433 1961 1463 2012 ud
1478 1961 1576 2014 sarissa
1588 1961 1659 2014 sucis
1674 1953 1892 2032 hujussipuidcs·
1912 1977 1946 2033 ῃ

1077 2050 1184 2112 tionem,
1198 2047 1241 2100 ubi
1258 2047 1409 2099 invenimus
1421 2045 1550 2099 allodium
1564 2063 1609 2098 seu
1630 2045 1747 2112 slodira,
1769 2045 1874 2098 siodnns
1888 2084 1897 2115 ,

1075 2133 1209 2197 siauduns,
1221 2147 1295 2186 rores
1307 2131 1385 2182 auius
1402 2117 1574 2199 ejusdemque
1587 2147 1677 2202 sensus
1690 2147 1761 2194 esse,
1775 2131 1897 2200 quamuis

1075 2220 1170 2273 series
1184 2215 1357 2288 scriptoribus
1371 2216 1475 2285 allegata
1487 2212 1596 2267 inerint.
1608 2215 1639 2266 Et
1651 2211 1758 2284 quidem
1772 2212 1897 2268 allodium
1915 2227 1951 2284 ῃ

1076 2306 1203 2375 ssepiusa
1218 2304 1261 2356 dd.
1277 2321 1325 2374 pro
1335 2303 1429 2371 qunris
1448 2299 1530 2354 issndo
1550 2319 1571 2354 s.
1591 2319 1652 2371 agro
1667 2299 1791 2372 capitur,
1812 2301 1852 2356 ati
1866 2319 1899 2358 ex

1076 2387 1189 2440 Ehrardi
1204 2385 1394 2438 Bethnuiensis
1416 2387 1445 2437 iu
1467 2386 1618 2456 graecismo
1637 2403 1699 2455 cap.
1722 2383 1765 2436 12.
1789 2397 1814 2438 et
1832 2386 1895 2438 aliis

1076 2475 1188 2544 probet,
1207 2467 1293 2527 carot.
1308 2471 1351 2522 Du
1371 2469 1470 2524 Fresne
1490 2468 1520 2521 in
1545 2471 1633 2522 utcu.
1648 2467 1697 2525 rui
1718 2487 1781 2524 aare
1797 2469 1895 2523 alodia.

1076 2559 1120 2628 qai
1135 2565 1162 2608 ut
1177 2567 1201 2607 et
1219 2553 1294 2606 Dodo
1311 2553 1358 2606 lid.
1377 2553 1404 2604 2.
1421 2552 1453 2605 da
1466 2553 1536 2604 actia
1548 2569 1693 2607 normann.
1702 2572 1765 2634 pap·
1777 2555 1895 2628 biupro·

1077 2640 1174 2693 miscue
1188 2637 1315 2690 allodium
1328 2645 1354 2690 et
1369 2633 1479 2688 lundum
1496 2654 1544 2706 pro
1563 2637 1699 2690 similibus
1720 2648 1850 2708 usurpat,
1870 2649 1896 2694 ei

1076 2743 1124 2796 per
1137 2723 1202 2778 iliad
1218 2724 1257 2775 nil
1269 2721 1340 2775 aliud
1361 2721 1480 2774 insiicarc
1495 2722 1568 2786 ruit,
1586 2739 1664 2792 quam
1686 2739 1742 2776 rem
1758 2723 1894 2795 propriam

1076 2807 1251 2869 immobilem,
1262 2807 1394 2875 quomodo
1408 2802 1494 2856 iorsau
1508 2801 1577 2874 apud
1593 2821 1639 2856 uos
1653 2804 1767 2858 dicimus
1778 2805 1823 2860 ein
1837 2806 1896 2858 erd-

1074 2889 1281 2964 eigesstlsileulicle
1306 2891 1370 2942 Gal.
1384 2887 1438 2940 Nec
1451 2887 1554 2941 recedit
1569 2887 1601 2941 ab
1615 2889 1664 2941 hoo
1674 2890 1768 2961 opinio
1781 2891 1895 2946 Guiliei·
1915 2906 1951 2961 ῃ

1076 2977 1112 3028 mi
1128 2975 1246 3026 Britonis
1257 2977 1285 3026 in
1305 2972 1466 3025 uocabulum
1484 2985 1565 3024 meta.
1577 2971 1610 3024 ab
1622 2970 1716 3026 eodem
1732 2973 1773 3025 Da
1787 2973 1895 3042 rauce,

1076 3059 1198 3122 adducto,
1211 3058 1283 3125 cujus
1294 3057 1372 3111 rerba
1388 3056 1431 3108 hic
1445 3073 1576 3126 apponere
1588 3057 1685 3126 piacet:
1696 3057 1838 3126 praedium
1855 3057 1896 3112 di·

1076 3143 1148 3196 citur
1163 3141 1308 3210 possessio.
1324 3139 1402 3204 utta,
1418 3155 1483 3207 ager
1495 3158 1542 3192 sess
1565 3149 1726 3208 perpetuum
1743 3139 1896 3194 allodium:

1076 3237 1103 3280 et
1118 3225 1217 3280 dicitur
1231 3225 1361 3278 allodium
1374 3223 1523 3276 haereditas
1541 3243 1624 3296 paam
1639 3221 1752 3280 rendere
1765 3236 1791 3278 et
1809 3227 1896 3281 dana·

1078 3327 1107 3364 re
1124 3327 1241 3378 passsam,
1260 3311 1297 3360 ria
1316 3319 1344 3362 ut
1362 3321 1401 3361 est
1416 3326 1473 3361 mea
1485 3308 1619 3374 propria5
1635 3319 1661 3362 et
1680 3326 1774 3379 porro:
1792 3321 1818 3362 et
1831 3328 1897 3381 pra·

1075 3394 1136 3463 prie
1148 3393 1376 3463 vocatursuudus
1387 3393 1441 3445 siae
1453 3391 1528 3446 curio
1542 3390 1686 3459 rusticalia,
1695 3391 1734 3444 ad
1744 3411 1823 3464 puem
1838 3394 1902 3465 agri

1078 3482 1125 3533 uel
1138 3476 1402 3542 maususpertineat,
1428 3477 1563 3548 praedium
1584 3478 1655 3531 enirn
1676 3479 1779 3550 ssepius
1799 3488 1899 3535 reterre

1083 3565 1264 3634 scriptoreset
1286 3563 1410 3616 historici
1432 3563 1490 3616 iaco
1510 3563 1599 3616 elladii
1621 3563 1765 3632 adhibeat,
1784 3563 1899 3634 indeque

209 3651 279 3722 qood
294 3649 440 3718 majoribus
454 3649 554 3702 uostris
568 3641 729 3715 significarit
742 3641 941 3702 haereditatem,
953 3651 1027 3705 ΨΜ
1079 3648 1144 3700 dicit
1159 3647 1231 3700 hbbo
1246 3648 1391 3700 Monachus
1403 3665 1494 3700 serm.
1512 3647 1595 3700 ihrer
1611 3647 1717 3702 Christi
1728 3647 1901 3720 transjirunl

213 3743 240 3786 et
259 3733 339 3786 borsa:
359 3732 423 3784 hiae
439 3730 592 3791 allodialis,
610 3729 678 3782 bans
696 3741 761 3796 quse
780 3725 855 3794 piane
873 3733 898 3777 et
921 3738 952 3774 es
974 3729 1029 3772 tata
1079 3731 1132 3784 sibi
1154 3731 1182 3785 iu
1201 3733 1341 3797 praedium
1358 3743 1383 3785 et
1401 3731 1533 3787 allodium
1556 3749 1726 3800 possessores
1744 3733 1899 3805 sacrilegii.

213 3818 274 3885 (att
291 3817 363 3871 enias
386 3833 468 3870 amne
486 3811 638 3884 siguificat)
656 3814 685 3864 ia
704 3819 792 3862 nostra
811 3816 940 3878 potestate
957 3812 1030 3868 sant,

1081 3813 1166 3882 Magis
1185 3831 1246 3867 sero
1259 3815 1309 3868 huc
1324 3814 1396 3878 iecit,
1409 3815 1475 3865 iliud
1489 3813 1556 3884 qsmd
1575 3815 1651 3867 behet
1666 3814 1897 3874 nicomatus.
1916 3828 1952 3882 21

213 3901 376 3964 mainadis,
394 3915 461 3969 quae
479 3901 536 3968 jura
555 3898 679 3950 aaronica
696 3891 838 3954 utcontra,
865 3891 891 3942 h.
912 3907 935 3941 e.
961 3887 1028 3940 bana
1084 3895 1218 3964 Quicquid
1239 3900 1268 3948 p„
1287 3897 1461 3951 ‚palm-„5110
1490 3898 1518 3950 pn
1545 3897 1704 3970 pem-fidum
1728 3899 1843 3968 laiseis,
1862 3901 1893 3956 ..a

211 3987 319 4056 quidem
339 3993 430 4040 nostra
447 3981 640 4041 haereditaria,
659 3978 704 4032 sed
724 3976 883 4049 pretiosiore
902 3984 928 4026 ct
946 3973 1028 4024 achti-

1078 3979 1219 4048 praedium
1238 3982 1273 4036 ad
1292 3982 1334 4033 lais
1353 3981 1498 4051 acprsiss'ait.
1519 3979 1681 4037 Beneficium
1695 3986 1767 4038 enim
1780 3985 1897 4058 scripto·
1916 4007 1953 4060 η

215 4073 295 4125 liores
315 4069 426 4124 cinaede
444 4083 546 4120 memes
564 4067 604 4118 sci
620 4065 692 4116 lucus
710 4063 807 4133 aliquit
834 4059 963 4121 incudm.
980 4057 1048 4126 qui.
1081 4067 1156 4120 ribus
1174 4065 1273 4118 dieitur
1292 4065 1427 4134 praedium
1449 4063 1547 4130 fiscale,
1566 4065 1634 4135 quod
1652 4087 1668 4120 a
1687 4069 1800 4138 regere}
1824 4070 1898 4142 prist·

213 4157 283 4210 salus
302 4159 386 4222 iacet,
406 4163 432 4207 ct
449 4170 464 4207 a
483 4152 591 4205 nemine
608 4151 712 4209 caitus.
734 4163 800 4218 quae
826 4145 878 4196 duo
903 4141 1027 4196 aocahnis
1081 4151 1150 4219 cipe,
1169 4150 1206 4203 uel
1225 4149 1257 4202 ab
1275 4151 1329 4203 aiio
1346 4148 1537 4220 quoliiset,qai
1559 4151 1667 4206 liberam
1688 4169 1775 4205 rerum
1795 4170 1901 4209 suarum

211 4239 281 4310 apud
300 4255 348 4290 nos
365 4238 450 4289 aditae
468 4233 639 4288 usitatissim
656 4242 726 4285 eunt·
744 4229 888 4283 Ulntlwtt!
906 4225 1028 4280 dem·
1081 4236 1339 4289 administrationem
1360 4235 1457 4298 hahet,
1476 4233 1508 4286 ad
1534 4239 1616 4288 sitam
1641 4235 1697 4290 riro
1721 4235 1805 4289 nobili
1824 4249 1897 4292 uteo·

213 4323 325 4380 duelli.
338 4324 364 4375 2.
383 4340 405 4375 a.
426 4321 469 4374 42.
487 4337 515 4372 re.
536 4319 580 4370 ll·
599 4314 727 4370 Galbuli·
748 4313 846 4365 hoton.
865 4311 932 4380 ἆὶψ·
948 4308 1030 4380 ,[Μᾶ
1083 4320 1146 4372 dum
1166 4320 1298 4374 traditur.
1315 4319 1349 4371 Et
1371 4319 1435 4372 bine
1454 4336 1512 4370 curu
1533 4334 1668 4390 possessos·
1688 4317 1753 4372 iliud
1773 4336 1807 4372 ex
1826 4337 1898 4374 mera

217 4409 279 4464 diss.
292 4407 367 4458 itis.
383 4405 409 4458 2.
421 4422 449 4472 p.
462 4406 488 4458 9.
509 4403 609 4457 Christ.
630 4401 694 4453 iud·
719 4399 838 4451 [tietber.
859 4395 887 4448 ln
911 4395 1031 4449 ‘dmut-
1083 4403 1171 4457 dantis
1188 4407 1272 4474 pratia
1291 4415 1318 4456 et
1336 4401 1465 4458 benefida
1484 4415 1589 4467 teneat,
1609 4401 1795 4458 beneficiarius
1813 4406 1897 4468 audit,

215 4504 300 4565 praet.
314 4492 420 4546 ttesotu.
432 4488 535 4544 cantia.
547 4489 595 4542 suls
609 4503 672 4540 aare
684 4484 826 4540 allodium·
841 4483 880 4534 ili.
894 4481 939 4532 sia.
953 4479 1033 4534 doru.

220 4576 285 4628 dies.
296 4571 330 4628 de
341 4570 582 4643 transmet.sessds'
590 4570 620 4624 s'n
630 4569 747 4635 allodi
763 4567 788 4620 i.
801 4569 855 4618 Da.
869 4565 973 4636 strych.
988 4583 1032 4619 σε.
1084 4573 1177 4636 ωηὶι,
1191 4584 1217 4625 er
1233 4573 1303 4625 idam
1317 4571 1431 4626 damin,

163 4645 291 4731 16sutd-
302 4677 363 4730 ωρ-
378 4659 405 4710 2·
418 4679 445 4730 q.
456 4657 483 4708 d.
498 4659 621 4726 iianoqste
639 4653 794 4706 sortientium
814 4643 954 4704 muhamas
972 4649 1032 4717 opi.

1085 4507 1135 4560 quo
1149 4489 1257 4544 nomine
1270 4507 1371 4560 quoque
1392 4488 1490 4560 passim
1505 4488 1533 4541 ia
1552 4489 1610 4557 jure
1623 4502 1715 4546 nostra
1735 4487 1833 4544 ieudsli
1856 4507 1899 4546 aa·

1121 4657 1192 4708 iiiuc
1210 4656 1287 4709 facile
1305 4657 1480 4728 colligendum
1500 4667 1556 4720 est.
1576 4668 1599 4711 et
1618 4657 1680 4710 iilos
1698 4655 1837 4729 scriptores
1855 4673 1901 4727 per
1919 4681 1955 4732 ῃ

217 4745 264 4796 uia
281 4743 341 4798 lah.
359 4739 482 4795 Luccaatt
507 4739 534 4792 in
556 4737 683 4810 explicat.
697 4733 835 4805 peregrln-
855 4731 964 4786 dt'sslt'ott·
979 4731 1034 4800 itti·
1085 4739 1213 4794 allodium
1232 4741 1286 4792 sire
1304 4737 1451 4810 praedium,
1465 4741 1520 4794 sire
1537 4740 1821 4811 quocumquenomiue
1836 4740 1901 4794 iliud

221 4825 495 4880 scribenscoltodiam
508 4833 547 4878 est
558 4821 704 4892 compotita
717 4819 855 4872 saxonica
868 4815 902 4870 ad
914 4813 1039 4867 allomni
1088 4832 1179 4877 sorsat
1191 4823 1229 4876 nii
1243 4823 1314 4876 aliud
1333 4823 1452 4878 indicare
1470 4823 1597 4887 uoluisse,
1615 4841 1692 4893 qnam
1712 4838 1767 4876 reus
1787 4823 1902 4878 liberans

221 4909 330 4964 030Μο
341 4911 388 4962 vel
399 4908 468 4963 dide
478 4905 667 4976 Ρθϋθθίῖθῆθι·
679 4902 742 4972 4⁰¹⁸ss
753 4909 793 4956 θ’*
805 4899 964 4954 0ΜῖΜοᾰο
975 4913 1037 4964 ΡΜ·
1085 4924 1152 4976 quse
1169 4908 1242 4961 nulio
1261 4907 1356 4960 ieudsli
1377 4923 1445 4961 uexu
1463 4908 1537 4962 alteri
1555 4907 1671 4976 obligata
1688 4920 1755 4972 erat,
1774 4905 1820 4958 sed
1838 4917 1906 4961 tam·

221 4995 542 5065 praecaventium
560 4991 677 5064 alicujus
692 4987 819 5059 propria.
835 4987 943 5042 cauam
962 4982 1036 5037 anim
1087 5009 1164 5062 quera
1191 4992 1337 5062 proprietas
1356 5009 1400 5044 seu
1418 4991 1566 5045 baereditas
1582 4990 1693 5056 alicujus
1713 4991 1821 5060 propria
1844 5006 1905 5060 pos·

222 5092 262 5136 est
273 5080 345 5134 aide
355 5079 402 5132 ael
410 5078 478 5133 ‹iisde
488 5078 680 5148 proprietatem
692 5073 823 5129 serenius
843 5069 1035 5125 Gatlsisetda-
1089 5073 1229 5136 sistebatur.
1247 5075 1316 5146 quod
1329 5087 1355 5128 et
1367 5069 1507 5128 ususfirmst
1519 5093 1550 5127 eo
1564 5074 1646 5143 magis
1662 5074 1820 5127 tabularium
1840 5074 1906 5128 Vin·

220 5163 340 5218 aroniim
350 5163 488 5233 signasse.
510 5162 561 5214 Da.
586 5164 674 5216 strue.
692 5173 714 5210 a.
730 5159 756 5231 j.
767 5155 799 5227 s.
815 5175 873 5229 rap.
887 5157 912 5207 2
935 5157 971 5209 st.
992 5157 1035 5206 1¹·
1088 5156 1176 5211 dacin.
1193 5159 1236 5211 cis.
1249 5157 1292 5209 in.
1310 5157 1442 5229 sequentia
1461 5157 1572 5212 babens:
1592 5157 1708 5212 habebat
1720 5160 1815 5214 vineae
1830 5159 1905 5230 agri·

169 5249 204 5298 t·t
221 5249 337 5302 similem
348 5247 551 5316 explicationem
563 5243 813 5299 traditilesotdnsin
825 5245 946 5296 thesaur.
952 5250 1037 5310 praet.
1083 5259 1204 5313 passuum
1222 5259 1305 5298 uuum
1318 5241 1487 5296 allodialiter
1498 5243 1653 5306 immunem,
1669 5242 1813 5298 dorestad
1823 5243 1904 5298 craesi

222 5331 272 5387 sud
283 5347 341 5384 eae.
351 5329 481 5383 alladiam
494 5339 520 5382 et
533 5328 562 5380 in
573 5335 607 5380 tr.
627 5328 663 5380 de
677 5325 839 5381 manarelria
849 5323 908 5396 sal·
926 5325 973 5377 di.
989 5327 1033 5396 qui
1087 5343 1182 5382 census
1195 5337 1221 5383 et
1232 5327 1354 5383 amurcae
1365 5329 1543 5383 redhibitione
1555 5329 1680 5383 liberum.

224 5417 331 5470 deducit
344 5435 358 5468 a
370 5413 494 5468 saxonico
513 5415 554 5467 lat
569 5410 638 5482 qaod
657 5411 734 5464 nohis
752 5421 788 5463 cst
806 5409 848 5462 las
866 5419 891 5461 et
900 5409 973 5480 frey
989 5427 1033 5464 seu

1123 5411 1226 5466 Exinde
1245 5425 1329 5467 tumen
1350 5427 1401 5468 aaa
1420 5414 1593 5484 colligendum
1612 5427 1665 5478 est,
1685 5431 1715 5467 sc
1733 5413 1754 5465 si
1773 5410 1902 5469 allodium
1923 5430 1958 5481 ω

224 5498 352 5552 tronariis
370 5517 383 5552 a
402 5497 521 5550 serritlis
539 5506 565 5549 et
583 5493 824 5566 praestationibus,
849 5491 918 5546 uude
943 5493 1034 5546 Galia·
1087 5496 1156 5550 idem
1177 5494 1269 5558 luerit.
1282 5497 1351 5568 quod
1371 5495 1458 5553 forsan
1468 5499 1588 5568 findam
1605 5497 1712 5558 solare.
1730 5497 1798 5566 quod
1817 5499 1902 5550 aeusi·

173 5569 206 5623 ¹0
225 5587 314 5638 dicere
329 5584 369 5636 ios
383 5593 409 5636 et
427 5580 501 5644 latit,
519 5581 562 5634 iae
579 5591 604 5635 et
621 5580 708 5632 laren.
727 5576 822 5631 Beatus
833 5577 977 5631 ansanus
988 5575 1031 5630 ttt.
1085 5597 1144 5633 aem
1159 5579 1187 5631 iu
1203 5581 1299 5634 mundo
1313 5583 1475 5653 superiorem
1489 5581 1615 5649 agnoscitg
1625 5584 1668 5634 sed
1679 5581 1792 5635 omnino
1804 5580 1907 5634 domiai

220 5672 250 5725 2.
267 5684 320 5726 rar.
335 5685 420 5740 perat.
436 5683 466 5738 p.
483 5666 529 5719 00.
547 5665 594 5720 eil
611 5684 627 5719 a
645 5663 690 5718 da.
717 5661 806 5717 strar.
831 5679 853 5718 c
872 5661 893 5716 l·
915 5675 977 5717 resa
1001 5661 1035 5716 de
1086 5661 1219 5722 talisnodi
1240 5663 1356 5734 praedii,
1376 5667 1445 5736 quod
1463 5666 1584 5722 attutiate
1610 5680 1679 5738 erat,
1703 5665 1855 5739 principem
1877 5665 1908 5718 il-
