4444 6214
660 331 707 384 DE
727 325 876 384 testeus
896 313 997 377 stitis

439 424 620 483 CASUS
657 427 690 481 X.

287 549 317 606 1..
336 549 365 606 81
385 547 482 602 iuodns
501 545 572 600 xvt.
590 552 611 610 ς.
630 546 657 598 d.
676 543 708 598 de
726 543 827 616 pigrior.

159 670 333 730 noeentum
351 669 462 724 Zenoni
477 681 584 726 mntem
603 667 694 730 debet,
712 665 790 738 eique
801 663 829 717 in
847 663 972 717 secuntu-

186 767 240 811 tem
258 754 344 812 dediti
359 765 479 818 certum,
504 751 578 822 qnod
592 763 684 808 tomen
703 760 799 816 pottce
818 757 971 816 receperat,

184 843 283 915 pignus
299 838 451 902 constitnit,
467 841 542 896 Zeno
553 841 651 912 pignus
663 834 854 908 nypotteeerte
866 835 974 886 notione

183 927 265 993 petit,
292 923 447 979 diodeetino
474 922 504 976 id
527 922 667 975 restituent
692 921 870 979 detrectante,
897 916 974 968 Zeno

186 1008 343 1066 admittitur
354 1009 392 1064 ed
403 1005 598 1078 iusiurandum
616 1005 646 1058 in
664 1005 754 1066 litem,
766 1003 830 1055 dinc
842 998 973 1055 modesti·

191 1111 244 1150 noe
258 1094 345 1162 pluris
363 1110 443 1162 quom
462 1087 628 1158 computatio
642 1089 724 1141 sortis
737 1095 763 1140 et
774 1101 913 1140 uentorum
927 1093 973 1136 cn·

188 1179 274 1245 ledat,
300 1178 521 1240 condemnetur-5
539 1172 708 1230 Modestinnt
730 1181 823 1243 postea
848 1178 973 1232 centnm,

191 1280 259 1336 μοι
276 1261 404 1321 dedebat,
423 1261 530 1323 coivit,
547 1259 713 1325 dirceptotur
728 1272 764 1307 nn
783 1270 834 1323 per
850 1253 919 1304 donc
930 1268 973 1303 ro·

192 1347 327 1399 dictionem
351 1342 438 1398 debiti
459 1344 607 1414 bypotbeco
630 1349 811 1400 eecnereture
835 1335 974 1403 respondit

193 1429 365 1494 nerdense,
377 1427 519 1482 bumenins
530 1442 596 1491 esse,
611 1443 669 1478 non
680 1419 797 1483 emplius
808 1437 879 1482 eum,
893 1433 974 1489 quom

190 1514 265 1585 prot
281 1529 375 1570 mero
392 1512 483 1577 debet,
500 1508 610 1574 dando,
630 1507 807 1580 hypothecam
824 1504 950 1557 liberere.

208 339 263 393 ddi

455 1689 680 1733 exterere

399 1844 738 1908 induruit

160 2029 267 2086 Coum
278 2023 466 2080 lnttttnniorem
477 2017 522 2075 tu'e
533 2015 697 2074 sententiam
707 2023 812 2088 pugnat
823 2027 867 2068 ree
879 2011 917 2067 ite
932 2010 978 2082 p'u·

155 2105 456 2266 Adlziddnip'ddiceti
464 2195 542 2249 Ζιιιο
555 2189 709 2264 obligant?
721 2195 741 2254 1.
753 2188 778 2242 2·
798 2186 824 2240 8.
842 2195 869 2244 ιι
886 2187 913 2242 l.

155 2369 182 2436 ς
202 2371 227 2422 1.
246 2309 402 2421 Noctem
415 2371 506 2418 contre
518 2358 701 2418 bnenenlorem
714 2359 783 2414 benc
794 2358 914 2412 llereelli
923 2376 981 2413 sen·

155 2451 266 2508 teneiem
285 2451 404 2508 mosebet
422 2447 591 2518 scrupulum,
616 2445 704 2515 qood,
729 2460 788 2496 enm
815 2441 981 2506 Modestinus

156 2533 194 2588 sel
212 2535 274 2606 plns
291 2554 369 2606 quesn
387 2531 550 2602 computetio
567 2528 686 2600 pignoris
703 2529 811 2592 eslebst,
825 2527 978 2584 condemns·

157 2627 205 2674 tus
222 2617 335 2685 inisset,
354 2619 436 2674 semel
454 2633 532 2670 oense
549 2617 583 2670 ed
602 2613 859 2670 condemnationem.
872 2613 921 2668 boc
933 2627 980 2679 est,

157 2713 190 2756 ιι
206 2701 287 2758 bodie
304 2703 447 2774 loquimur,
466 2700 495 2755 in
514 2717 569 2754 rent
589 2699 731 2770 indicetern
750 2697 840 2766 Οιιῇιι.
861 2700 900 2752 od
916 2701 941 2752 is.
961 2699 980 2752 l.

158 2787 322 2851 treneieerit,
340 2797 365 2842 et
382 2787 417 2840 ite
434 2785 548 2858 pecunie
565 2803 599 2841 ex
611 2785 726 2855 judiceto
737 2783 826 2838 deberi
842 2783 980 2852 inceperit.

156 2874 218 2926 Jens
239 2873 262 2925 ei
281 2888 323 2926 res
341 2869 464 2938 iudioste,
482 2887 535 2924 non
555 2869 681 2942 emplius,
699 2889 733 2926 eo
751 2874 847 2942 justum
861 2867 926 2941 qnid
945 2887 979 2924 en

156 2953 307 3021 iniustum,
327 2953 372 3009 sed
391 2973 423 3009 en
443 2954 479 3006 ite
498 2953 642 3024 judiceturo
663 2956 713 3022 sit,
730 2956 880 3028 quseritur,
909 2953 979 3009 coni.

158 3038 178 3090 1.
193 3039 239 3092 te.
257 3038 327 3108 pnib.
348 3037 420 3092 mod.
437 3037 509 3106 pipn.
528 3037 585 3090 toll.
606 3039 746 3109 imputeret
765 3054 826 3108 ergo
844 3037 896 3092 silei
916 3039 978 3092 blo·

158 3122 294 3185 destinor,
313 3121 382 3192 quod
400 3121 465 3176 eden
485 3117 608 3173 difficilis
626 3131 649 3176 et
669 3130 746 3175 tenes
772 3122 799 3175 in
818 3120 980 3177 restituendo

158 3206 272 3278 pignore
289 3205 381 3269 inerit,
400 3215 425 3260 et
444 3205 481 3259 lte
500 3206 603 3275 culpem
624 3213 703 3258 totero
722 3205 750 3258 in
765 3223 793 3258 se
806 3203 980 3268 irenstulerit,

159 3289 290 3359 ulcerique
309 3289 376 3344 siem
395 3289 427 3342 etl
446 3285 626 3360 jusjorendum
641 3286 669 3339 in
681 3285 756 3340 litem
769 3287 912 3356 spernerit.
925 3288 982 3342 lenc

159 3371 275 3444 imputet
293 3371 358 3442 eibi,
376 3371 444 3444 qnod
463 3381 602 3442 snteqnem
622 3371 750 3426 sententie
769 3370 800 3424 ed
819 3372 978 3427 enodemus·

160 3455 262 3509 tionem
281 3455 461 3519 irensieisset,
480 3473 533 3508 noo
552 3453 731 3524 sppelleserit.

196 3549 218 3604 ς.
236 3537 263 3590 2
285 3537 337 3590 Sed
357 3537 403 3590 nbi
424 3538 462 3592 eie
475 3537 623 3592 remsnebit
636 3533 776 3588 scotoritss
790 3532 827 3587 rei
841 3533 983 3603 indicetne?
1017 3601 1022 3610 δ

164 3619 236 3692 lleep
265 3619 412 3691 jndiostum
431 3622 594 3692 personalem
608 3619 796 3690 obligationem
810 3617 920 3684 inducit,
934 3637 982 3673 nec

160 3703 286 3774 pignoris
302 3703 476 3774 quentitetem
496 3712 583 3772 suget,
602 3702 666 3756 inde
679 3703 774 3774 pignus
792 3705 859 3758 ultre
876 3705 983 3774 quenti·

161 3792 245 3840 tetern
264 3784 349 3842 debiti
368 3806 421 3844 non
440 3789 527 3859 potuit
550 3788 692 3860 obligatum
718 3805 839 3851 menerc;
863 3789 982 3862 qnemsis

162 3871 237 3924 enim
258 3873 335 3927 etiem
354 3871 389 3928 ob
406 3869 651 3943 cbirogrepberlorn'
668 3872 787 3927 debitum
807 3873 901 3944 pignos
920 3873 983 3927 reti·

161 3953 224 4008 neri
244 3955 376 4024 possint.
395 3975 442 4009 een.
459 3975 482 4010 c.
501 3956 583 4010 etiem
595 3957 630 4010 od
646 3955 762 4028 cdt'rogr.
781 3975 836 4018 pec.
854 3955 984 4025 chirogre·

163 4037 253 4106 pberii
272 4050 357 4093 eutem
377 4041 473 4093 crediti
492 4043 534 4108 jus
552 4041 612 4093 sine
631 4041 712 4096 dnbio
732 4041 811 4094 etiem
826 4039 853 4092 id
874 4041 984 4104 balneet,

162 4121 232 4193 qnod
251 4139 285 4175 ex
303 4123 418 4188 inclinato
435 4123 552 4178 debetur.
572 4123 624 4179 Sed
637 4139 705 4180 recte
728 4123 863 4195 respondit
887 4124 983 4180 Accur-

164 4207 220 4260 sius
244 4205 269 4259 tl.
287 4207 369 4274 legem
390 4205 493 4281 onieem
514 4207 546 4261 de
568 4207 698 4262 creditore
724 4207 818 4280 pignus
846 4207 986 4265 detinente

164 4290 247 4361 loqui,
265 4291 306 4343 cui
326 4291 384 4344 sine
402 4290 482 4344 dnbio
500 4292 578 4344 eiiem
597 4310 630 4346 es
649 4291 764 4361 judicato
776 4291 883 4345 deretur
896 4303 984 4346 teten-

163 4375 210 4428 tio.
229 4373 281 4428 Set
299 4373 450 4428 Mereisnnt
462 4373 516 4443 egit
529 4375 561 4428 de
574 4375 705 4429 creditore
717 4375 813 4445 pignus
826 4385 916 4428 contre
933 4386 985 4431 ter·

165 4459 233 4510 tium
252 4473 437 4528 possessorem,
458 4458 496 4512 eei
515 4459 595 4511 etiem
615 4459 703 4529 ipsum
724 4456 873 4511 debitorem
899 4475 983 4528 perse·

164 4549 270 4609 quente.
289 4539 334 4592 ubi
353 4542 423 4592 locus
441 4538 585 4594 retentioni
606 4557 662 4595 esse
681 4559 733 4594 non
748 4541 859 4610 poterit,
874 4541 920 4594 sed
933 4554 984 4597 ter-

169 4621 223 4674 tlus
236 4621 361 4674 liberabit
375 4621 481 4691 pipnns,
493 4632 591 4675 sortem
604 4640 664 4676 cnm
678 4622 766 4676 neuris
780 4623 940 4693 preostentlo.

202 4716 223 4770 ς.
241 4705 265 4758 8.
285 4705 336 4758 Sed
353 4724 439 4759 ennon
450 4705 555 4758 notione
570 4707 680 4775 jndicsti
702 4715 835 4776 temqnern
852 4709 982 4780 personeli

169 4793 244 4846 zeno
259 4788 428 4858 obligebitnr,
447 4799 569 4860 qnentutn
588 4787 619 4840 ed
639 4789 844 4858 preestetlonem
865 4787 985 4844 residui?

167 4873 264 4926 etus·
282 4871 331 4924 boc
348 4882 441 4941 neget,
468 4881 495 4925 et
520 4871 597 4927 etism
616 4891 630 4924 e
648 4872 756 4939 jndicsti
776 4875 874 4927 sctione
899 4876 983 4944 ipsum

168 4952 291 5010 ebeolsit.
313 4953 387 5023 Quee
405 4954 528 5009 cententio
547 4953 656 5024 quidem
675 4955 789 5008 homene
809 4968 862 5020 est,
881 4959 928 5011 eed
947 4957 984 5012 its

170 5035 269 5091 tnslitle
289 5037 404 5090 zenonis
421 5036 517 5107 pignus
535 5037 676 5090 restituere
687 5036 801 5090 nolentis
821 5033 887 5091 inret
900 5037 987 5110 impu·

171 5118 246 5179 nitse
263 5119 402 5172 subsistent
422 5137 469 5188 ego
487 5120 515 5172 in
535 5120 692 5174 bumeniore
710 5118 822 5172 Gioesee
840 5125 985 5192 sententie,

170 5217 232 5254 nem
253 5201 437 5271 byputbeceric
455 5219 534 5272 egene
552 5205 701 5256 atterutrum
723 5214 818 5255 tentum
838 5201 984 5273 desideret,

169 5295 198 5338 nt
215 5295 261 5338 ent
278 5285 423 5356 hypotbeee
442 5287 532 5352 cedet,
551 5296 596 5339 sut
614 5299 711 5342 sortem
732 5306 793 5344 cum
815 5289 902 5342 ostnis
920 5289 984 5342 olie-
1014 5280 1021 5295 Χ

168 5377 218 5420 ret.
237 5363 357 5420 llslltise
375 5379 461 5423 entem
480 5378 505 5420 et
526 5368 737 5438 terqieersetiooi
758 5369 844 5439 ipsius
868 5367 985 5424 Zenonis

169 5449 317 5502 occurritur
336 5466 382 5518 per
400 5449 560 5505 relationem
578 5469 768 5520 expensorum,
786 5470 942 5524 quemquem
955 5453 984 5506 in

170 5533 246 5602 presi
260 5541 349 5583 contre
359 5531 480 5587 Glossern
494 5535 695 5604 pronuncietnm
708 5535 743 5588 iri
758 5537 801 5589 eis
816 5535 973 5590 dubiterern.

1018 317 1325 394 tmmmmssmn
1723 329 1778 384 ωι

1020 424 1098 470 ιιιιι.
1117 414 1181 469 Cum
1201 415 1288 486 iisque
1311 413 1478 470 Modestinus
1500 417 1602 474 Zenoni
1624 435 1731 492 sociem,
1756 427 1859 498 quens¹

1021 500 1147 565 debebst,
1168 519 1226 554 cum
1246 499 1332 554 usuris
1351 501 1519 568 restituisset,
1538 505 1607 559 nibil
1621 506 1699 576 bujus
1711 511 1840 580 putrimo-

1021 585 1076 649 nio,
1094 581 1163 656 quod
1181 603 1195 638 s
1213 583 1362 640 Modestiae
1380 587 1545 658 oeeteruquin
1567 589 1740 662 redinteqrsri
1760 593 1842 648 debe·

1020 669 1076 736 bet,
1094 669 1190 736 decret,
1207 689 1266 724 eum
1285 688 1347 741 ergo
1359 671 1411 740 jem
1427 672 1463 735 id,
1477 669 1544 742 qnod
1564 687 1716 741 enumeret,
1732 687 1842 744 teneret,

1021 754 1052 808 ed
1073 755 1147 825 plure
1166 758 1322 829 preesiends
1342 759 1476 813 Zenonem
1495 759 1644 832 edstriogi,
1666 762 1838 822 lnbumsnutn

1021 840 1169 900 sidebetur.

1302 923 1323 980 C
1344 925 1362 976 d
1382 925 1400 979 S
1418 927 1442 982 U
1463 928 1481 983 S
1518 927 1564 981 xt.

1089 1049 1121 1106 1..
1139 1045 1203 1102 Cum
1222 1057 1309 1102 eutem
1329 1045 1425 1102 XXlll.
1443 1055 1466 1111 §-
1484 1049 1510 1103 8.
1529 1051 1563 1103 de
1581 1048 1659 1106 redii.
1676 1050 1769 1108 edicto.

1023 1169 1126 1223 Stiodns
1144 1184 1234 1224 cerens
1251 1187 1268 1220 o
1288 1167 1355 1238 cajo
1373 1177 1476 1235 emptus
1483 1165 1597 1236 suttune
1603 1167 1678 1242 secie
1683 1209 1692 1238 ,
1711 1173 1746 1225 od
1764 1173 1842 1243 poet

1060 1253 1102 1307 dt'c
1119 1253 1225 1324 olt'qttt'd
1240 1251 1387 1316 praestitit,
1409 1251 1493 1320 CetJ'ttt
1510 1263 1605 1319 postea
1624 1252 1662 1307 nd
1687 1255 1842 1314 reddibitio-

1062 1357 1123 1394 nem
1143 1335 1200 1408 ogit
1219 1336 1351 1389 nduereue
1363 1335 1553 1406 Sempronium
1565 1335 1727 1392 uenditorem
1734 1375 1742 1402 ,
1755 1339 1789 1391 nd
1799 1359 1845 1394 eo·

1061 1442 1113 1496 que
1129 1421 1244 1488 pretium
1263 1421 1337 1474 serui
1352 1431 1379 1474 et
1397 1417 1473 1491 qnod
1484 1429 1589 1489 praeter
1605 1420 1656 1476 isne
1669 1421 1845 1493 impenderat,

1057 1507 1132 1578 petit.
1151 1506 1325 1570 Sempronius
1344 1519 1448 1557 seruum
1468 1503 1583 1574 recipere
1600 1506 1736 1561 detrectet.
1754 1510 1845 1578 (tuoe-

1062 1591 1132 1644 titur
1148 1590 1243 1659 quanti
1259 1587 1484 1642 condemnandus
1501 1587 1557 1640 eit?
1578 1590 1725 1656 Respondit
1753 1593 1847 1648 lulitt-

1063 1692 1129 1738 nns,
1149 1692 1203 1726 non
1224 1671 1339 1746 emplius
1357 1691 1440 1742 qttotn
1457 1673 1545 1740 pretio
1556 1675 1790 1730 contemnendum
1806 1693 1847 1730 ce·

1062 1774 1092 1812 se
1110 1759 1290 1824 uenditorem,
1303 1769 1329 1812 et
1346 1758 1409 1814 leoco
1429 1758 1543 1812 Juiinnt'
1555 1759 1690 1815 sententio
1704 1759 1850 1816 bumenior

1067 1841 1185 1913 mptum
1205 1840 1323 1898 uidetur.

1322 2021 1548 2066 ennete.

1271 2177 1606 2235 succuum

1028 2347 1232 2404 nettttttortoe
1245 2347 1361 2402 notionis
1373 2360 1485 2404 nestore.
1497 2355 1519 2412 ς.
1533 2353 1558 2402 1.

1030 2433 1074 2486 De
1084 2431 1187 2486 dntnno
1199 2433 1364 2501 reparando.
1379 2435 1401 2500 ς.
1415 2433 1441 2486 2.
1460 2441 1486 2487 et
1505 2431 1530 2484 8.

1028 2599 1051 2666 §.
1073 2601 1098 2651 1.
1118 2545 1178 2650 Ee
1197 2597 1383 2656 redhibitorise
1399 2595 1513 2651 sotionis
1531 2605 1623 2652 netnre
1643 2608 1697 2665 eet,
1723 2611 1749 2656 nt
1775 2609 1847 2656 ntes·-

1033 2697 1084 2750 qne
1101 2691 1127 2734 et
1146 2681 1270 2737 eonditor
1288 2693 1313 2736 ιι
1333 2690 1438 2750 emptor
1454 2678 1645 2750 quodemmodo
1661 2682 1689 2734 in
1714 2683 1846 2754 integrum

1029 2765 1131 2818 restitui
1152 2764 1270 2830 debeent,
1288 2766 1313 2818 d.
1332 2764 1350 2816 1.
1371 2764 1415 2816 bd.
1434 2771 1455 2826 ι.
1467 2765 1494 2815 ’1.
1507 2762 1575 2816 iecte
1587 2765 1657 2817 enim
1672 2767 1848 2824 redhibitione

1027 2847 1116 2905 nennio
1136 2847 1165 2902 in
1184 2849 1316 2918 integrum
1336 2849 1517 2909 restituuntur,
1536 2848 1649 2918 perinde
1666 2869 1694 2904 eo
1718 2851 1740 2902 si
1761 2869 1845 2924 neque

1029 2931 1133 3000 emptio
1151 2947 1234 3002 neque
1254 2929 1372 2984 eentlitio
1390 2931 1581 2994 intercesserit,
1601 2926 1711 2988 domnio
1725 2934 1805 2989 Psulo
1819 2936 1846 2990 in

1029 3017 1046 3069 1.
1065 3016 1109 3067 00.
1118 3010 1159 3083 ff.
1177 3015 1210 3068 dc
1226 3017 1327 3070 cedidit.
1347 3014 1439 3069 edicto.
1456 3015 1606 3071 lledbibere
1617 3017 1690 3071 enine
1702 3031 1740 3073 est
1753 3017 1847 3086 iecere,

1030 3108 1059 3153 ιιι
1087 3117 1180 3153 rursus
1206 3099 1299 3154 hebent
1324 3100 1461 3164 venditor,
1489 3099 1557 3170 qnod
1584 3101 1716 3164 babuerite
1741 3115 1768 3159 ιι
1790 3123 1850 3162 enm

1031 3181 1166 3236 reddendo
1186 3184 1214 3236 id
1233 3180 1288 3245 fiet.
1306 3201 1440 3239 necessum
1460 3193 1508 3246 est,
1530 3181 1593 3238 inde
1610 3184 1756 3238 redhibitio
1774 3191 1848 3258 qnesi

1030 3267 1147 3321 redditio
1164 3267 1311 3338 sppellste,
1339 3277 1461 3320 monente
1479 3268 1540 3320 leto
1555 3265 1585 3319 in
1602 3265 1621 3320 l.
1648 3267 1691 3320 tt.
1716 3285 1760 3336 pr.
1782 3267 1808 3322 ei.
1831 3281 1850 3326 t.

1031 3349 1178 3405 redhibitio
1196 3353 1268 3404 euim
1289 3352 1449 3406 venditionis
1466 3351 1591 3404 resolutio
1609 3361 1649 3404 ιιι
1668 3351 1686 3406 1.
1714 3351 1758 3404 tt.
1783 3359 1803 3414 ς.
1822 3355 1850 3411 2,

1030 3433 1064 3488 de
1084 3435 1185 3508 acquir.
1205 3452 1275 3496 poss.
1297 3435 1418 3489 Resolnte
1437 3448 1519 3490 entem
1539 3435 1705 3502 venditione,
1727 3437 1849 3495 eonditor

1030 3535 1087 3571 rem
1106 3535 1163 3571 oum
1183 3517 1316 3572 fructibus
1334 3537 1409 3572 csuse
1430 3531 1456 3574 et
1473 3519 1667 3574 secessionibus
1694 3521 1804 3591 recipit,
1828 3523 1849 3576 l.

1033 3601 1077 3652 et.
1096 3612 1114 3666 ςι
1134 3602 1178 3654 tt.
1200 3604 1243 3654 te.
1263 3602 1306 3655 te.
1325 3603 1370 3655 tt.
1388 3603 1413 3654 d.
1432 3613 1451 3655 t.
1466 3603 1577 3674 Emptor
1593 3604 1778 3674 pretiumcum
1791 3623 1852 3659 neu·

1032 3684 1070 3736 ris
1089 3696 1224 3756 recuperet
1245 3687 1265 3748 l,
1282 3687 1326 3738 et.
1345 3685 1364 3740 l.
1383 3687 1427 3740 te.
1445 3695 1466 3749 ι.
1485 3688 1510 3740 2.
1528 3688 1555 3742 d.
1573 3697 1592 3740 t.
1612 3687 1757 3742 venditore
1774 3692 1846 3745 enim

1033 3784 1087 3820 rem
1106 3786 1164 3821 com
1185 3770 1240 3821 suis
1259 3771 1410 3824 accessoriis
1428 3781 1576 3841 repetente,
1603 3781 1709 3844 emptor
1728 3789 1780 3826 nun
1801 3776 1853 3828 mi-

1032 3851 1106 3903 noris
1124 3868 1179 3906 esse
1198 3851 1288 3916 debet,
1305 3871 1381 3923 quern
1401 3853 1530 3916 venditur,
1545 3873 1605 3908 netu
1624 3853 1693 3913 iectu
1706 3861 1851 3914 venditoris

1032 3943 1136 4005 emptor
1153 3936 1237 3988 leesns
1255 3943 1306 3996 ιιι,
1325 3935 1393 3989 ιοιι1.
1413 3937 1432 3988 l.
1451 3940 1494 3991 tt.
1512 3935 1534 4008 5.
1555 3939 1578 3991 b.
1598 3936 1631 3992 de
1651 3952 1702 3995 oct.
1720 3955 1801 4012 empt.
1823 3946 1849 3997 le

1034 4019 1116 4088 iqitur
1135 4021 1264 4072 resolutse
1283 4019 1361 4086 hujus
1378 4021 1519 4090 emptionis
1539 4039 1613 4075 serus
1631 4023 1737 4080 eiieotus
1749 4037 1804 4089 est,
1824 4039 1853 4084 ut

1033 4113 1142 4173 uterque
1160 4103 1230 4156 nihil
1248 4103 1361 4172 emplius
1378 4117 1560 4174 consequetur,
1579 4124 1656 4177 quem
1678 4108 1800 4177 heberet,
1820 4113 1847 4165 si

1033 4187 1147 4242 venditio
1169 4185 1233 4241 iecte
1253 4205 1304 4241 non
1322 4197 1405 4252 esset,
1424 4187 1441 4240 1.
1461 4191 1504 4242 13.
1523 4197 1544 4252 ς.
1565 4192 1589 4244 i.
1608 4192 1634 4244 d.
1651 4201 1671 4244 t.

1068 4279 1091 4336 ς.
1110 4271 1135 4323 2.
1154 4269 1221 4324 Cum
1242 4271 1326 4342 iteqne
1341 4271 1418 4338 Ceius
1429 4283 1533 4344 emptor
1547 4274 1580 4326 nb
1594 4272 1702 4338 turtum,
1715 4277 1783 4347 quod
1799 4278 1852 4333 Sti.

1031 4355 1095 4409 ebus
1114 4355 1201 4425 ipsius
1221 4371 1310 4410 sersus
1329 4353 1442 4419 iecerat,
1467 4356 1566 4426 eiiqnid
1593 4361 1782 4427 preeetitisset,
1809 4381 1850 4414 ιιι-

1031 4457 1111 4510 quum
1129 4437 1275 4505 sidebetnr,
1295 4450 1341 4504 ut,
1360 4455 1419 4492 cum
1439 4439 1525 4493 omnie
1547 4441 1575 4492 io
1593 4439 1734 4510 pristinum
1755 4453 1849 4498 stetere

1032 4523 1137 4578 restitui
1157 4521 1238 4576 velint
1256 4521 1370 4585 eedilee,
1390 4521 1561 4591 Sempronius
1576 4523 1695 4577 venditor
1708 4524 1754 4592 id,
1771 4528 1844 4597 qnod

1033 4607 1110 4677 Cujus
1131 4608 1196 4660 iurti
1217 4605 1325 4660 nomine
1338 4607 1520 4677 praestiterat,
1533 4605 1690 4662 refunderet·
1703 4611 1851 4668 Restituere
1865 4667 1867 4674 ,

1032 4691 1105 4745 enim
1124 4690 1148 4743 is
1166 4691 1275 4755 ridetur,
1293 4691 1338 4760 qui
1359 4690 1385 4740 id
1405 4691 1533 4756 renituit,
1548 4693 1615 4764 quod
1636 4692 1774 4748 hebiturne
1786 4713 1852 4754 esset

1033 4785 1113 4837 ector,
1134 4777 1155 4828 si
1176 4775 1354 4827 controversie
1373 4773 1396 4826 ei
1411 4773 1479 4828 iecte
1497 4792 1549 4828 nnn
1570 4774 1672 4838 inisset,
1691 4777 1708 4828 l.
1722 4779 1766 4830 it.
1779 4779 1811 4836 te
1823 4801 1865 4845 u.⁴

1033 4874 1055 4910 r.
1073 4873 1130 4910 cnm
1151 4859 1201 4911 boe
1220 4857 1349 4912 consentit
1366 4857 1496 4926 Uipienus
1515 4859 1543 4910 ln
1561 4856 1579 4910 1.
1598 4857 1642 4913 29.
1659 4855 1682 4930 ᾖ
1702 4862 1727 4912 ³.
1740 4863 1765 4916 d.
1779 4873 1798 4916 t.
1820 4866 1849 4920 si

1032 4941 1097 5012 quid
1117 4952 1203 4994 tomen
1222 4939 1311 4995 demut
1332 4942 1427 5004 sensit,
1445 4942 1486 4995 sel
1505 4941 1610 5012 siquid
1636 4961 1684 5013 pro
1708 4961 1782 5002 serso
1801 4947 1852 5004 lm.

1033 5023 1139 5094 pendit,
1164 5003 1337 5094 consequettlr
1354 5022 1467 5077 erbitrio
1484 5024 1594 5092 judicis:
1614 5026 1652 5078 sic
1672 5035 1769 5096 temen,
1795 5049 1862 5099 trun¹

1033 5119 1059 5160 ut
1077 5109 1101 5159 ei
1121 5107 1214 5160 borum
1235 5107 1342 5160 nomine
1361 5108 1480 5161 tenditur
1492 5111 1693 5178 condemnetur,
1712 5116 1786 5168 nteit
1801 5118 1851 5170 ln·

1033 5192 1136 5256 lienus,
1163 5190 1208 5244 sed
1228 5207 1261 5244 ιιι
1280 5191 1344 5243 elles
1365 5193 1535 5262 compelletur
1561 5194 1695 5248 hominem
1720 5198 1849 5252 venditori

1034 5275 1189 5339 restituere,
1207 5292 1285 5344 quem
1310 5275 1332 5328 si
1357 5292 1416 5330 eune
1442 5273 1593 5330 indemnem
1617 5288 1745 5350 preestet,
1764 5292 1850 5338 reten-

1035 5359 1115 5412 tionis
1134 5375 1195 5427 erqo
1214 5359 1312 5430 potius,
1331 5377 1408 5430 qoem
1427 5361 1521 5432 eqeodi
1537 5364 1596 5432 jore
1607 5374 1846 5437 emptorexpeneee

1033 5454 1214 5513 consequetur.

1069 5527 1135 5593 Η.
1155 5531 1252 5580 Verum
1278 5547 1337 5582 cum
1362 5527 1441 5599 Ceius
1463 5541 1568 5594 emptor
1595 5530 1716 5586 Stichum
1743 5551 1846 5591 serente

202 5621 221 5674 ς.
241 5614 267 5666 1.
286 5613 432 5684 benignius
450 5617 539 5688 itsque
555 5619 657 5672 censuit
675 5619 841 5682 dioreionne,
858 5617 984 5688 hypothe-
1032 5625 1116 5662 nosse
1134 5609 1243 5674 dedere,
1263 5622 1287 5664 et
1308 5611 1348 5665 sio
1364 5613 1397 5667 eb
1414 5631 1446 5668 eo
1462 5632 1499 5680 ee,
1517 5615 1586 5688 quod
1604 5615 1639 5669 ob
1650 5616 1750 5675 iurtntn
1771 5639 1847 5691 pree·

128 5722 133 5731 ·
170 5715 227 5753 nem
244 5698 372 5767 libereri,
389 5700 413 5754 ei
432 5699 492 5768 boc,
509 5701 579 5773 quod
604 5699 695 5758 'retere
718 5701 845 5770 debebet,
872 5702 981 5757 solutum

1033 5693 1155 5746 stenelum
1175 5704 1245 5761 eret,
1266 5695 1378 5752 liberere
1396 5699 1542 5772 potuisset,
1559 5695 1584 5774 s.
1604 5699 1628 5755 l.
1642 5701 1664 5774 1'·
1677 5713 1703 5760 ιι
1715 5702 1735 5758 l.
1750 5706 1792 5762 tt.
1803 5722 1847 5780 pr.
