4444 6214
235 313 289 368 m
380 319 382 324 ·
684 309 731 362 nti
749 307 873 364 cluets
892 307 1146 368 ittettttzxtttttts
1165 309 1203 365 lli
1221 309 1364 368 GENERR
1757 317 1813 373 151

170 405 213 462 ite
232 423 261 461 se
278 406 406 478 explicet:
423 421 507 460 reuse
526 402 636 459 codrior
653 400 671 456 i.
683 421 705 457 e.
719 423 774 457 rem
786 406 929 460 aaaatuetae.
942 407 995 462 Ge·
1060 410 1135 463 sistat
1152 411 1323 462 contractorie
1343 407 1549 467 matrimonium.
1568 411 1641 468 caea
1656 416 1776 486 exeeptio
1794 415 1865 470 enias

172 489 305 542 ueraiitue
325 490 413 560 iisque
431 507 509 545 omne
526 487 575 542 isco
593 503 683 540 causac
696 489 811 552 nomine,
824 503 948 558 qtrenturo
963 492 994 544 eri
1048 492 1247 558 praejudicialis
1266 505 1315 558 est,
1335 493 1407 558 iude,
1428 495 1480 546 nisi
1501 511 1580 565 super
1598 513 1627 547 ee
1643 498 1758 565 conuitio
1778 498 1868 565 iacta,

174 574 353 628 intentionem
373 583 489 628 nostram
509 573 596 634 uertit,
615 587 693 640 super
717 588 768 640 qao
795 583 881 641 partes
906 591 994 627 coram
1048 589 1122 626 cenea
1143 576 1302 644 principalis
1321 576 1407 628 decidi
1435 577 1539 647 nequit,
1560 579 1663 644 zanger
1681 577 1708 630 ei.
1725 598 1750 634 c,
1769 583 1815 634 10.
1837 599 1864 632 n.

176 657 266 724 iutliee
285 656 451 725 disceptent,
470 655 525 710 eice
541 654 592 708 hoc
610 654 797 725 principaliter
817 656 844 708 in
868 657 995 724 judiciam
1048 657 1092 708 18.
1110 667 1136 708 et
1154 657 1224 708 hunc
1241 676 1327 715 casum
1346 662 1463 728 objectae
1486 663 1719 728 consanguinium
1746 665 1778 716 ed
1798 681 1864 720 rea-

177 739 319 794 aieduetum
339 740 384 804 eit,
403 738 464 803 eise,
485 737 547 790 dam
565 755 638 790 cerasa
657 739 826 811 cognoscitur,
841 739 948 791 ineidat.
961 740 996 793 Et
1047 759 1106 792 ram
1125 741 1286 796 incidentem
1305 758 1428 814 expresse
1446 743 1526 798 reiert
1552 743 1672 813 pontifex
1690 762 1714 798 c.
1734 749 1759 798 1.
1780 749 1813 798 Χ.
1832 745 1866 801 de

176 821 227 872 hnc
244 837 323 884 seusu
341 821 517 890 qaeestionenr
536 829 682 882 ctcattsam
711 837 758 888 pro
782 821 934 888 spttnopmis
955 837 994 874 re·
1047 824 1108 876 urci.
1126 827 1222 893 ccpae'r.
1244 830 1341 880 Verum
1363 838 1419 880 utat
1436 846 1487 882 one
1506 827 1545 880 rei
1566 827 1644 880 aitera
1658 829 1778 898 exceptio
1793 845 1866 897 pree·

175 915 315 976 putenm
336 905 405 958 uude
424 905 502 960 etiam
523 903 667 960 incidentis
691 904 851 974 quaestionis
875 903 996 975 frequen·
1047 906 1180 970 jtaiicielis
1198 907 1230 959 ed
1251 923 1338 962 causes
1356 910 1505 972 incidentes
1522 907 1616 960 reierri
1637 910 1731 978 possit,
1751 927 1804 963 noo
1825 921 1862 962 te,

176 994 231 1044 tior
249 992 278 1044 ic
296 993 355 1059 jure
373 991 474 1044 roeotio
492 986 533 1052 fit,
550 1005 736 1054 caramerum
754 987 908 1054 incidentis,
927 989 995 1042 sicut
1048 1007 1107 1045 ntro
1126 992 1247 1047 exhaurit
1265 995 1341 1060 haec,
1357 1007 1400 1056 apt
1419 996 1467 1048 sab
1486 1013 1514 1050 ee
1531 995 1733 1064 comprehendit
1757 1015 1864 1051 omnem

175 1085 296 1144 epperet,
315 1091 348 1126 ex
366 1075 385 1126 l.
405 1077 430 1125 1.
448 1091 472 1126 c.
492 1073 525 1125 de
542 1070 600 1128 ord.
612 1071 672 1144 jad,
687 1072 705 1122 l.
721 1073 745 1124 1.
759 1088 782 1123 e.
795 1070 828 1122 de
841 1067 914 1139 offic.
931 1083 993 1124 rect.
1048 1091 1149 1128 cansam
1169 1078 1346 1143 incidentem,
1371 1079 1431 1150 quia
1460 1097 1511 1132 non
1538 1095 1633 1143 omne,
1661 1078 1729 1147 qood
1753 1079 1867 1143 in'cidit,

172 1173 254 1223 prov·
272 1174 295 1210 c.
316 1158 340 1210 1.
353 1157 386 1222 ς8.
405 1166 430 1218 et
450 1157 475 1208 8.
497 1155 530 1206 Χ.
547 1155 580 1208 tie
591 1153 656 1218 ord.
675 1153 774 1222 cogare.
793 1152 890 1206 Cataeee
911 1165 995 1217 tanuen
1048 1159 1236 1229 preciudioium
1250 1161 1319 1226 iacit,
1335 1175 1380 1216 eut
1396 1164 1525 1232 peaesiem
1539 1163 1676 1230 qnamdam
1689 1165 1865 1232 cognitionem

175 1240 321 1294 incidentis
340 1255 461 1309 expressa
482 1238 581 1290 mentio
598 1235 995 1301 oceurt·itinc·t1rcrtrdenit'r
1047 1256 1108 1298 ente
1125 1245 1315 1300 discessionem
1345 1265 1436 1316 caepae
1463 1249 1624 1318 principalis
1649 1249 1799 1314 desideret,
1823 1249 1868 1302 sed

170 1325 206 1376 ’8.
225 1326 260 1378 Χ.
280 1322 313 1378 de
330 1323 423 1381 donat·
443 1324 517 1374 inm
535 1336 563 1370 v·
582 1329 608 1371 ‘i
625 1339 652 1370 a.
670 1330 693 1372 ΕΙ
712 1317 739 1370 Ῑΰ
756 1320 814 1386 jore
838 1320 910 1372 ⁰5⁹5st
938 1321 996 1372 ¹⁰⁰⁰
1048 1331 1086 1380 ael
1106 1347 1151 1398 per
1169 1330 1288 1384 eamdem
1305 1333 1465 1386 coutentium
1492 1351 1550 1386 cerm
1568 1349 1643 1384 eartsa
1662 1331 1802 1402 principaii
1823 1330 1868 1383 de·

176 1397 267 1464 meter
287 1405 430 1460 inculcasti
448 1406 544 1472 31110ῐὸ
562 1403 684 1456 ‘'iiiiii''
709 1403 849 1469 aiiaprando
873 1405 997 1457 occurrit.
1048 1409 1131 1475 tiatrt,
1151 1415 1188 1464 eei
1208 1429 1281 1466 meso
1300 1413 1458 1484 principalis
1476 1413 1575 1476 decidi,
1596 1423 1620 1466 et
1638 1412 1868 1466 inridentiedeei-

179 1491 225 1544 ste
241 1491 270 1543 iu
289 1492 307 1543 l.
327 1491 372 1542 88.
381 1484 421 1556 ff.
439 1489 471 1540 de
487 1488 539 1555 leg.
555 1487 580 1542 2.
593 1486 735 1540 diciturex
752 1484 817 1539 iaco
831 1485 924 1538 incidit
939 1503 998 1555 spe·
1049 1496 1089 1550 sio
1106 1496 1137 1546 ad
1157 1497 1302 1565 pleniorem
1321 1497 1530 1560 discussionem,
1550 1507 1592 1550 aut
1607 1497 1684 1566 piane
1696 1495 1728 1547 ad
1742 1496 1815 1548 eliud
1829 1495 1869 1550 iu·

177 1573 239 1624 Εἶθ’·
259 1573 362 1626 Periit?
381 1572 409 1624 1⁰
429 1571 448 1622 ἶ·
467 1572 493 1622 ²·
508 1568 543 1638 ff·
561 1571 593 1622 tir
612 1569 665 1623 ¹¹25·
684 1569 857 1640 mnditi'fflb
870 1579 919 1620 Μ·
934 1569 997 1620 ΡΝ·
1050 1597 1107 1633 rum
1127 1579 1241 1650 thiegari
1261 1593 1356 1654 potest.
1376 1581 1498 1650 Exempli
1517 1582 1620 1649 gratie:
1639 1581 1723 1650 puelle
1745 1581 1871 1633 convenii

179 1655 219 1708 ius
237 1657 288 1708 let.
308 1654 384 1720 dicit,
403 1655 429 1708 ri
445 1653 505 1706 tolie
524 1655 623 1721 species
642 1653 670 1710 in
687 1654 792 1720 privato
807 1653 944 1706 venditore
954 1651 997 1704 in·
1049 1663 1160 1731 aliquem
1179 1663 1210 1712 aa!
1230 1665 1394 1734 implentium
1414 1665 1574 1732 promissum
1608 1663 1810 1716 matrimonium
1830 1679 1870 1715 ω.

178 1739 293 1804 ‘mimi
311 1739 411 1790 dieitur
430 1738 509 1790 etiarn
529 1736 702 1790 controrersia
722 1736 842 1792 incidens
860 1735 879 1786 l·
891 1736 916 1789 θ·
935 1742 960 1798 i·
974 1739 997 1787 ¹·
1051 1760 1106 1800 rein
1125 1745 1298 1808 consistorio,
1318 1763 1377 1798 reus
1397 1746 1465 1798 iuter
1485 1746 1535 1796 atta
1553 1746 1655 1815 excipit
1673 1747 1705 1798 sie
1725 1747 1785 1800 dote
1807 1763 1872 1798 non-

169 1820 210 1890 ff.
225 1820 305 1896 ¹prattd
328 1822 434 1895 cnjurv.
457 1820 592 1875 animasti.
619 1839 693 1874 ιιοιιι.
719 1822 817 1889 placuit
838 1837 897 1874 aero
922 1819 998 1872 nohis
1052 1826 1113 1879 darm
1132 1831 1288 1889 constituta,
1311 1839 1335 1880 ct
1356 1828 1435 1892 tatae,
1455 1839 1593 1898 uniquam
1614 1831 1648 1880 de
1664 1831 1808 1898 qrsentitete
1826 1831 1871 1886 do·

177 1923 277 1960 coerce
296 1923 390 1960 comen
410 1911 540 1966 retinere,
560 1905 629 1977 quod
648 1923 697 1960 ιιιιι
716 1903 765 1960 icti
781 1903 941 1976 frequentius
953 1905 998 1957 etl·
1052 1911 1086 1964 tie
1104 1910 1159 1979 ipsi
1176 1911 1339 1972 constiterit,
1356 1928 1384 1962 ae
1403 1912 1599 1963 matrimonium
1614 1913 1723 1981 impiere
1737 1927 1788 1965 non
1808 1931 1869 1983 pos-

181 1993 299 2044 itibetur.
1053 2008 1090 2056 ee,
1110 1994 1184 2056 dicit,
1204 1995 1266 2046 haee
1283 1995 1401 2063 coemtio
1423 1993 1456 2047 de
1472 1995 1537 2046 ¹ritate
1554 1995 1733 2046 constituenda
1748 1997 1871 2050 incidens

214 2083 236 2140 ς.
255 2075 281 2128 2.
299 2078 399 2131 Vocem
420 2071 543 2126 incidens
554 2073 623 2143 quod
638 2073 751 2140 ettinet,
772 2067 931 2142 significatio
944 2073 999 2139 eim
1054 2088 1103 2136 est,
1121 2093 1168 2130 nec
1187 2077 1380 2146 praeitedicium
1398 2077 1477 2129 iniert
1492 2094 1582 2130 causae
1595 2079 1794 2141 metrianoniaii,
1811 2098 1871 2134 carm

176 2160 245 2233 ⁸eatis
263 2167 323 2212 note
341 2168 395 2219 este
408 2176 428 2214 ,ι
447 2157 543 2210 cadere
568 2156 639 2212 enirn
661 2157 731 2208 iiiam
753 2159 867 2212 derivari
886 2166 1002 2220 constat,
1051 2162 1134 2216 attam
1154 2162 1213 2212 atne
1232 2162 1294 2212 dore
1314 2162 1417 2229 mpsim
1440 2171 1564 2215 constare
1576 2161 1814 2228 msceexpaditnm
1828 2163 1872 2214 atr.

179 2255 203 2297 et
225 2242 404 2298 communiter
425 2241 480 2293 iilis
501 2243 613 2310 negotiis
632 2243 793 2312 appticuar,
812 2253 1001 2311 queepreeter
1054 2245 1157 2298 noveii.
1176 2243 1219 2296 ii.
1238 2261 1259 2296 c.
1274 2243 1306 2296 d.
1322 2260 1364 2314 pr.
1385 2243 1548 2312 Disnciritne
1567 2244 1672 2310 itaque:
1693 2261 1780 2297 annon
1799 2261 1875 2298 resne

179 2329 352 2382 terentianeo
374 2327 462 2382 subito
480 2329 615 2392 eseoioct,
635 2330 691 2380 eise
709 2329 736 2378 io
757 2329 804 2380 lite
824 2325 894 2381 tuote
913 2328 999 2386 inter·
1055 2326 1175 2380 incidens
1194 2326 1228 2380 de
1243 2326 1307 2379 dote
1325 2327 1507 2380 constituenda
1527 2326 1688 2379 remittenda
1708 2328 1737 2380 eit
1757 2329 1789 2378 ad
1807 2327 1875 2396 indi·

177 2412 300 2472 pecient:
313 2411 381 2463 ιιιιιΙι
399 2415 427 2464 in
446 2413 502 2480 jure
521 2411 592 2464 idem
610 2421 659 2476 est,
678 2429 755 2480 quatu
775 2412 910 2478 recidere,
935 2431 997 2466 eon·
1053 2429 1108 2464 rem
1128 2413 1279 2482 secularem,
1298 2429 1332 2464 en
1350 2427 1410 2465 cero
1432 2411 1587 2462 cimericum
1612 2427 1687 2463 cause
1709 2407 1875 2482 priucipaiie

179 2495 302 2562 tingere,
328 2494 443 2548 evenire.
470 2495 516 2548 Sic
542 2496 569 2546 io
589 2495 608 2548 l.
627 2495 670 2546 27.
680 2493 723 2563 ff.
742 2496 821 2553 locat.
842 2497 950 2550 dicitur.
972 2497 1004 2550 ca·
1052 2497 1210 2550 consistorio
1230 2497 1422 2565 deeidipossit.
1436 2497 1518 2564 Caim
1529 2498 1633 2563 generis
1645 2499 1815 2568 quaestiones
1830 2497 1877 2550 tae

179 2573 248 2644 perid
264 2577 494 2630 transversarium
519 2575 662 2632 incidisset.
690 2578 772 2632 Porro
799 2579 1000 2636 incommoditas
1052 2578 1257 2649 tiisputatiooee
1273 2581 1348 2634 nobis
1362 2581 1543 2634 discutiendae
1557 2591 1642 2632 erunt.

183 2658 302 2710 inridere
322 2659 420 2712 dieitur
440 2662 467 2710 in
487 2659 505 2710 l.
526 2662 569 2711 tc.
588 2678 627 2727 pr.
638 2659 680 2728 ff.
699 2663 731 2712 eie
745 2675 840 2728 recept.
853 2665 949 2716 cedite.
961 2666 997 2724 in-
1086 2658 1109 2732 ᾖ
1129 2662 1209 2724 1.,Ει
1231 2663 1278 2720 iace
1296 2681 1400 2733 qnoque
1419 2683 1471 2716 uon
1494 2659 1648 2716 ditiieatter
1661 2664 1799 2726 consulu,
1813 2664 1877 2734 qnisl

182 2743 297 2795 ridentis
317 2743 410 2803 damna
426 2755 578 2810 crciarrunt,
597 2745 614 2798 l.
634 2747 677 2800 3⁰.
691 2753 712 2808 ς.
727 2747 752 2798 5.
762 2746 804 2814 ff.
822 2749 862 2802 nai
878 2747 999 2816 iscicrii.
1053 2745 1085 2796 de
1103 2745 1206 2798 iliorum
1226 2750 1360 2804 sententia
1373 2747 1532 2810 dicendum,
1555 2747 1599 2815 nari
1616 2748 1784 2810 exiet-imant,
1802 2763 1878 2800 exre·

182 2826 248 2890 edd.
266 2827 284 2878 i.
304 2827 345 2878 58.
363 2828 388 2898 5.
407 2829 432 2880 3.
442 2825 483 2897 ff
498 2846 551 2898 pro
569 2832 643 2895 accio
662 2831 680 2882 i.
700 2832 743 2882 15.
762 2839 782 2896 5.
804 2831 999 2900 efficiemus
1054 2830 1171 2898 ptionem
1192 2831 1397 2900 peremptoriae
1428 2832 1511 2884 sacaei
1547 2833 1732 2903 preceericnem
1758 2831 1879 2886 inciden-

182 2909 298 2959 namr‘ee.
317 2907 389 2964 aiod.
406 2909 425 2960 1.
445 2910 487 2964 20.
494 2909 536 2982 ff
554 2910 586 2968 de
603 2915 697 2978 donet.
715 2915 787 2966 inter
800 2931 827 2966 ιι.
848 2924 875 2970 et
891 2933 920 2968 ιι.
935 2916 1002 2968 loci·
1051 2924 1121 2975 tem,
1148 2932 1207 2968 curo
1225 2915 1353 2984 justitient
1381 2932 1471 2970 mosae
1495 2913 1653 2984 principalis
1677 2925 1830 2978 concernatc
1855 2927 1880 2970 et

181 2993 332 3061 densergo
349 2992 457 3056 dicitur,
476 2995 549 3064 quasi
571 2997 642 3047 intus
659 2997 744 3060 cadat,
765 2989 789 3051 t.
808 3014 832 3050 e.
851 3015 884 3050 ex
904 3016 933 3050 re
947 2999 1002 3068 iper
1054 3001 1231 3068 exceptionem
1251 2999 1402 3054 dilatorium
1423 3001 1509 3052 noceri
1528 3001 1712 3067 qaaestionem
1739 3013 1877 3067 emerpem

181 3077 225 3128 eei
245 3091 321 3130 ιιιιιι
339 3081 492 3146 proreniet,
513 3076 585 3130 Fcis.
606 3078 710 3132 Pacien.
728 3089 761 3131 tr,
776 3079 927 3152 deprodct.
941 3082 958 3133 l.
978 3087 1002 3135 1.
1054 3092 1116 3147 tem,
1136 3100 1194 3136 curo
1214 3083 1246 3138 ed
1267 3082 1465 3151 impediendum
1490 3099 1582 3134 croese
1597 3082 1755 3150 principalis
1774 3097 1880 3150 proces·

186 3162 511 3228 capitecensum
536 3165 673 3230 comutode
697 3177 785 3222 autem
812 3167 857 3218 elii
883 3167 1004 3222 incidens
1055 3181 1112 3218 sum
1131 3165 1280 3232 oinjiciatue.
1300 3165 1447 3232 Lspmeno.
1466 3161 1505 3216 od
1520 3181 1544 3215 c.
1563 3163 1739 3233 intelligimur
1757 3163 1774 3213 i.
1796 3164 1829 3216 x.
1847 3161 1881 3217 de

184 3249 254 3300 inde
272 3249 371 3300 dietum
391 3256 494 3316 putent,
513 3249 580 3316 qood
601 3265 701 3312 cauum
722 3251 896 3320 principalem
916 3253 1005 3306 medie
1056 3247 1115 3302 ord.
1134 3248 1233 3318 eogaa'r.
1253 3249 1405 3304 iiostieueis
1424 3247 1453 3300 in
1477 3247 1602 3299 decretal.
1616 3245 1704 3298 adiri.
1716 3247 1821 3300 deord.
1835 3259 1880 3299 cc·-

183 3333 293 3405 eyilcic
307 3333 441 3404 producto
460 3331 576 3400 incidat,
594 3332 620 3384 h.
638 3351 666 3386 e..
680 3336 813 3404 perimat,
832 3347 858 3388 et
872 3336 1002 3406 eitqtrod·
1054 3330 1121 3402 μί’.
1142 3351 1169 3398 p.
1188 3331 1248 3384 titt.
1267 3333 1391 3384 Ummius
1410 3329 1439 3381 in
1456 3329 1523 3394 disp.
1543 3332 1580 3382 od
1598 3345 1715 3394 precere.
1726 3331 1814 3401 judie.
1835 3331 1880 3384 18.

185 3417 502 3484 dempraeparetoeinm,
521 3433 569 3486 per
581 3418 654 3488 ¹qraod
674 3419 704 3470 at
724 3421 881 3476 sententiaro
910 3418 1004 3476 defini.
1057 3414 1092 3464 ria.
1111 3415 1136 3465 5.
1155 3432 1182 3466 ιι.
1204 3416 1248 3466 iil.
1266 3414 1360 3466 Caroli.
1383 3413 1493 3464 Giilen.
1512 3413 1548 3464 aar
1566 3413 1585 3462 i.
1607 3415 1634 3463 1.
1651 3429 1674 3464 c.
1694 3413 1727 3465 de
1745 3413 1804 3464 ord.
1821 3411 1880 3482 iud.

189 3501 272 3552 tieem
293 3500 453 3568 pervcnitur,
473 3501 620 3566 iliplensis
633 3503 660 3558 in
674 3503 753 3556 decis.
764 3503 855 3575 pirna,
868 3506 948 3559 dacae,
965 3509 1006 3558 ta,
1060 3501 1154 3550 Verum
1176 3515 1208 3550 ne
1227 3498 1276 3550 icoc
1294 3507 1448 3567 perpetuum
1469 3495 1588 3548 crelion
1607 3496 1679 3546 enim
1698 3497 1787 3548 omnis
1805 3509 1881 3548 exee·'

187 3603 215 3636 n.
238 3584 301 3636 100.
321 3584 441 3638 sicitard.
460 3585 499 3638 nd
515 3585 534 3636 Ι.
552 3587 580 3637 1.
597 3601 618 3638 r.
637 3583 670 3638 dr
687 3585 1005 3654 crd.1'retiic.iloc-enim
1058 3582 1116 3648 pilo
1125 3579 1559 3650 peremptoriaiocideacdieeoda
1574 3579 1871 3648 respectrtcnttseeprin·

187 3670 348 3724 derivationi
367 3669 553 3736 grammaticae
573 3685 624 3721 uon
643 3668 762 3738 qttadret,
777 3671 915 3724 necetient
931 3672 1007 3724 inei·
1059 3663 1160 3733 tinniit.
1180 3665 1224 3716 wi
1244 3665 1287 3718 illi·
1310 3678 1407 3733 partem
1427 3679 1518 3715 “nm
1538 3663 1695 3732 Piin⁶³P²ii¹
1715 3662 1787 3725 fidia
1807 3677 1881 3731 itm·

194 3755 263 3810 iectu
283 3769 392 3823 scopum
406 3752 1006 3821 materiaetangitcreueaenieeineidenenon
1059 3747 1152 3796 eertim
1180 3747 1277 3808 hodie,
1298 3747 1342 3800 ubi
1363 3747 1419 3797 litis
1438 3743 1637 3798 &intentationis
1656 3747 1824 3812 exceptiones
1838 3759 1882 3815 pe·

190 3839 260 3891 tollit
281 3838 320 3891 sei
339 3836 447 3907 perimit
467 3851 569 3887 eausam
597 3834 789 3905 principalem,
814 3832 858 3885 sed
884 3835 922 3886 sei
948 3853 1006 3888 cum
1062 3831 1218 3898 receptoriae
1238 3845 1299 3881 rcox
1318 3841 1377 3882 sam
1393 3828 1554 3896 irrogendert
1575 3829 1620 3880 ⁹0⁸¹
1641 3828 1818 3898 diremptio
1837 3847 1882 3896 pn·

188 3920 429 3994 cersu.principali
449 3919 528 3972 simiel
548 3919 698 3982 deciditur,
716 3919 755 3981 sei
771 3917 930 3987 principalis
951 3933 1009 3968 cau·
1060 3913 1093 3965 rit
1112 3914 1275 3964 incidentem
1292 3915 1488 3980 qaaestionem,
1507 3929 1643 3981 quaecum
1662 3915 1768 3982 negotio
1782 3912 1882 3982 princi·

188 4023 233 4059 ηρ
244 4006 344 4060 &gieio
362 4002 495 4068 differtur,
507 4002 589 4055 donec
602 4017 680 4073 snper
694 4011 789 4074 puncto
803 4001 934 4056 incidenti
949 4019 1008 4072 pen·
1060 3998 1111 4066 pull
1130 4008 1224 4049 ceriam
1245 3999 1435 4048 connexionem
1456 4013 1508 4046 trott
1538 3997 1632 4057 hebel,
1658 4013 1747 4048 vertent
1772 4013 1802 4048 ex
1831 3997 1883 4050 eil!

190 4089 351 4142 nunciatam.
753 4143 755 4148 ,
1062 4095 1135 4130 caraea
1152 4082 1282 4149 originem
1304 4079 1409 4132 aieiucir
1431 4079 1591 4132 decisionem
1607 4089 1692 4130 temen
1707 4080 1879 4131 neeeseaeiam

185 4161 187 4166 ¹
226 4175 293 4240 5³.
313 4175 370 4226 iloc
390 4177 776 4230 tameneertnmest,eeosam
796 4165 1008 4236 praejudicialem
1063 4165 1101 4215 sei
1120 4174 1301 4217 anteeaaeam
1323 4161 1882 4234 principalem,selcumeasieeisierat.iii

189 4274 283 4310 eausee
301 4255 428 4310 incidenti
448 4255 588 4307 admodum
609 4255 720 4306 ricinum
741 4251 852 4313 esse,.si
869 4251 940 4304 iiiam
957 4267 1007 4302 raon
1062 4247 1096 4296 its
1115 4249 1194 4298 etiam
1215 4248 1382 4316 exceptiones
1400 4247 1526 4316 qnaeriem
1541 4245 1680 4298 dilatoriae
1698 4245 1729 4296 ad
1748 4247 1882 4315 qtseestic·

192 4345 221 4394 in
240 4359 318 4394 sensu
338 4340 481 4402 strictiori,
498 4349 627 4408 Ιφιιιιιιιιι
646 4347 742 4401 ιιιιιιιιι
764 4335 880 4388 hominis
903 4349 1009 4388 concre-
1061 4347 1107 4382 nee
1125 4332 1273 4384 incidentes
1293 4329 1385 4383 referri
1405 4344 1531 4401 possunt,
1556 4332 1623 4384 sicut
1647 4346 1664 4382 e
1688 4333 1818 4383 contrario
1838 4347 1883 4400 pe·

194 4423 254 4486 nit,
274 4427 346 4492 juxte
365 4429 386 4488 ς.
403 4420 610 4492 praejudicialis
634 4421 678 4468 1³.
697 4418 714 4470 i.
734 4417 767 4472 de
786 4416 885 4473 oetion.
904 4417 923 4467 i.
942 4417 966 4470 ii.
985 4434 1008 4472 c.
1061 4417 1221 4485 receptoriae
1239 4429 1346 4484 possunt
1364 4414 1424 4469 fieri
1445 4419 1546 4470 noviter
1563 4423 1744 4480 emergentes,
1767 4433 1815 4485 pro
1840 4417 1885 4468 di·

195 4513 227 4564 de
245 4507 319 4560 iiber.
337 4523 410 4562 eous.
431 4507 474 4558 sed
496 4507 522 4556 in
543 4520 619 4556 seusu
633 4502 719 4556 latiori
732 4503 875 4571 capiemus,
889 4499 932 4552 ubi
947 4516 1007 4552 cec-
1055 4517 1127 4552 rersu
1155 4502 1418 4554 circumstantiarum
1449 4508 1557 4556 ratione.
1584 4501 1706 4554 Nicoieus
1734 4501 1882 4570 Rodriguee

195 4611 238 4646 eae
256 4592 398 4662 principaii
417 4589 445 4641 in
465 4589 591 4656 judicium
605 4587 733 4639 deductae
751 4585 870 4655 exceptio
882 4584 1007 4652 qrnedam
1058 4583 1227 4635 Fermosiuue
1246 4586 1275 4634 io
1294 4596 1434 4638 comment.
1457 4585 1496 4637 od
1512 4603 1534 4638 c.
1556 4595 1644 4639 tunm.
1659 4587 1685 4636 3.
1697 4593 1798 4652 paneri.
1815 4585 1840 4636 8.
1855 4605 1882 4637 ιι.

195 4675 389 4744 preejstdicialis
406 4673 566 4746 opponitur,
585 4688 633 4739 qna
654 4685 712 4722 reue
732 4669 768 4721 ite
794 4679 909 4724 remorer
935 4678 1006 4720 ecto·
1060 4667 1102 4718 88.
1121 4667 1154 4718 li·
1172 4667 1205 4717 de
1224 4665 1282 4716 ord.
1301 4668 1401 4736 cognit.
1423 4671 1451 4720 in
1469 4687 1584 4739 quonam
1606 4678 1691 4721 sertem
1717 4668 1838 4721 incidens
1858 4679 1883 4725 et

199 4779 270 4820 earo,
290 4771 314 4811 ut
334 4757 416 4822 dicat,
435 4755 626 4827 praejaaiicium
647 4769 694 4824 per
711 4755 890 4822 qaeestionem
910 4751 1005 4805 abed·
1059 4765 1193 4814 emergens
1222 4752 1343 4819 qaeestio
1369 4753 1440 4805 inter
1473 4769 1501 4806 ee
1527 4751 1650 4807 differam
1676 4763 1765 4824 postea
1798 4770 1882 4826 espo-

198 4847 311 4900 serssrio
330 4855 425 4898 motam
445 4841 589 4912 qaaaeetioni
611 4839 703 4905 maiori
724 4835 785 4890 steri
804 4854 856 4892 oon
875 4848 1009 4908 oportere,
1062 4834 1187 4886 neudum.

199 4950 245 5002 per
263 4929 378 5000 isand.
398 4907 490 4995 iiisff.
510 4928 543 4978 de
562 4935 662 4990 except.
680 4926 769 4992 Major
793 4923 865 4974 enim
890 4923 1010 4991 qaeestio
1096 4924 1119 4978 i·
1138 4917 1162 4967 5.
1184 4918 1328 4986 Antequam
1349 4935 1410 4972 sero
1437 4917 1469 4970 ed
1491 4935 1582 4972 mersae
1611 4917 1755 4972 incidentia
1783 4918 1884 4970 deseri·

201 5019 327 5083 minorem
348 5016 379 5070 ed
393 5032 421 5068 se
433 5014 523 5076 traicit,
535 5011 605 5064 uncie
619 5012 692 5080 price
705 5007 876 5076 judicandum
890 5007 921 5058 de
934 5025 1008 5075 quae·
1062 5000 1178 5070 ptiouem
1199 5004 1398 5069 perveniamus,
1418 5003 1491 5070 prius
1511 5005 1726 5070 cognoscendum
1740 5041 1747 5064 ,
1764 5003 1828 5071 qnid
1849 5002 1884 5054 eit

200 5102 280 5156 „30⁰0
298 5102 411 5170 miore,
429 5115 505 5170 qam
524 5096 556 5148 ad
576 5095 705 5162 minorem
732 5092 911 5163 pervenietur,
930 5092 949 5144 1.
967 5093 1007 5145 eei
1061 5103 1137 5138 cansa
1155 5083 1328 5156 principalis(
1345 5103 1421 5155 nuent
1443 5088 1478 5137 ita
1498 5086 1646 5137 describunt
1667 5082 1709 5134 rid.
1725 5102 1800 5136 carten
1813 5087 1885 5150 prin·

201 5185 311 5260 majoris
328 5185 372 5236 81.
391 5180 416 5233 ei.
434 5191 455 5233 r.
472 5177 554 5250 ifin.
573 5197 596 5232 c·
614 5179 647 5230 de
664 5176 723 5228 orti.
734 5176 836 5246 cogare.
849 5175 959 5243 zanger.
970 5185 1007 5228 tr.
1062 5173 1154 5243 cipalis
1171 5187 1227 5239 est,
1246 5191 1311 5243 qnae
1329 5177 1368 5228 rei
1387 5177 1443 5241 ium
1461 5174 1590 5234 actionis,
1609 5175 1648 5224 sei
1663 5189 1710 5241 per
1736 5172 1827 5226 nobile
1846 5175 1885 5239 iu-

201 5271 231 5322 da
249 5278 349 5340 except.
365 5287 392 5336 p.
412 5266 436 5317 1.
454 5284 476 5318 e.
504 5264 545 5315 10.
571 5281 597 5316 ιι.
625 5263 650 5314 5.
675 5262 715 5313 rel
740 5262 837 5322 etium,
862 5259 907 5312 atat
933 5273 1009 5312 cestre
1062 5257 1129 5308 dicis
1145 5254 1282 5321 oiiiriurn,
1302 5261 1340 5309 sei
1359 5276 1408 5326 per
1425 5256 1527 5325 aliquod
1556 5255 1725 5308 interdictum
1757 5255 1784 5306 in
1814 5255 1887 5322 jutt-

203 5339 283 5424 major
297 5354 403 5424 quidem
422 5367 472 5402 non
489 5346 640 5417 opponitur,
652 5345 774 5415 exceptio
789 5354 875 5396 tamen
890 5343 926 5393 its
940 5358 1009 5394 com·
1061 5341 1130 5392 rium
1150 5340 1299 5404 eieslreeitor,
1317 5343 1351 5393 rie
1368 5357 1530 5410 qaaecumque
1548 5355 1576 5391 re
1588 5349 1688 5408 egetur.
1703 5339 1760 5390 sire
1772 5337 1803 5386 dr.
1817 5353 1886 5404 pro·

201 5449 289 5511 perate
306 5447 360 5502 est,
378 5447 405 5488 ut
421 5436 467 5486 iiia
485 5433 610 5503 probata,
637 5431 715 5483 ectori
742 5430 792 5480 tale
818 5427 1008 5498 praejudicinm
1063 5425 1183 5492 parietate,
1201 5427 1255 5475 sire
1272 5424 1307 5476 de
1326 5428 1498 5492 possessione,
1517 5435 1544 5474 ut
1563 5439 1621 5474 enan
1641 5422 1809 5488 experiorex
1825 5437 1886 5473 em·

200 5523 342 5590 contingat,
358 5530 383 5572 ot
403 5517 430 5570 in
450 5533 523 5569 carrea
538 5515 678 5583 principaii
691 5513 809 5565 obtinere
819 5520 935 5578 nequeat.
949 5510 1010 5562 Per·
1062 5518 1116 5575 pto,
1135 5521 1168 5557 ex
1187 5517 1286 5559 mutuo.
1307 5507 1427 5560 Sicisard.
1447 5508 1485 5559 ed
1501 5507 1518 5558 i.
1539 5509 1564 5558 1.
1583 5523 1607 5559 e.
1626 5507 1660 5558 de
1673 5502 1733 5557 ard.
1751 5504 1837 5573 [radic.
1858 5518 1883 5555 n.

202 5609 260 5662 ticet
275 5609 326 5660 itoc
339 5600 546 5669 rasuszsiageoti
561 5601 593 5650 de
607 5597 776 5662 matrimonio
787 5602 928 5663 opponatur
941 5605 1013 5644 exre-
1063 5591 1089 5642 i.
1107 5591 1294 5658 Quaestionem
1312 5609 1374 5644 seeo
1393 5591 1553 5644 incidentem
1567 5607 1624 5643 esse
1636 5589 1742 5654 aiicunt,
1757 5605 1824 5657 natae
1834 5601 1879 5641 er·-

201 5695 258 5768 μὴ
273 5685 438 5764 montionis
456 5682 605 5757 etquidem
624 5683 690 5750 ejus,
708 5681 847 5752 qttcejure
865 5677 1011 5731 dirincre·
1063 5673 1185 5746 cipieudo
1202 5676 1241 5727 rei
1263 5675 1415 5745 contionata
1436 5685 1525 5731 matra
1551 5673 1724 5747 principeleet
1750 5673 1880 5727 reticuere
