4510 6214
446 276 500 332 tlt
975 269 1183 334 'btsrtlrtn
1201 273 1271 329 XIX.
1290 273 1407 330 citent
1426 279 1471 334 nt.
1961 283 2021 339 ”m

402 377 445 428 17.
464 375 503 446 lq'e.
522 375 548 454 lp'
568 371 638 444 qnod
664 391 760 446 nempe
783 389 832 427 neo
858 390 960 428 usmern
981 375 1079 444 absque
1105 377 1209 445 praevio
1259 384 1360 438 utores,
1380 373 1459 428 duces
1477 386 1506 430 et
1522 375 1695 447 adjuncti,si
1714 373 1767 449 ipsi
1785 393 1840 430 non
1857 373 1972 431 babeam
1996 379 2070 434 mlll·

392 477 520 512 cunsenstt
538 460 679 513 electorum
696 475 854 529 quemquem
869 459 954 528 possit
972 459 1000 510 in
1026 459 1142 512 bennum
1168 459 1212 512 de·
1261 459 1323 513 tiam
1343 471 1482 528 perstem,
1500 472 1545 518 enl
1563 481 1592 516 ea
1611 463 1698 517 nolint
1718 463 1772 527 uti,
1800 480 1814 515 s
1838 459 1949 516 statibus
1964 475 2075 533 quotam

391 545 503 606 elisere,
522 561 575 597 non
595 543 702 612 quidem
720 543 756 596 ob
775 560 831 597 eem
853 554 951 596 tentum
972 542 1121 610 rationem,
1139 545 1209 613 quod
1260 547 1385 613 enlusquc
1403 547 1552 614 postulsre,
1572 547 1601 599 iu
1619 564 1702 617 eoque
1718 549 1792 616 juxte
1804 544 1911 599 modum
1923 561 2079 614 cop-prns-

391 645 494 682 cemera
513 629 612 696 jutlieet
630 627 740 680 nomine
759 627 945 696 imperatoris,
958 625 1073 696 adeuqns
1087 631 1210 695 mojorem
1259 627 1318 680 ced.
1335 629 1482 700 expositum
1502 631 1531 684 iu
1548 631 1736 697 convocandis,
1756 632 1780 684 si
1798 648 1864 700 opus
1882 639 1938 694 est,
1956 631 2081 702 pluribus

392 731 474 782 quem
496 713 555 782 ipse
573 725 727 782 potestatem
747 711 845 763 bebere
865 720 986 778 nequeat,
1006 710 1050 762 sed
1070 713 1160 780 potius
1176 711 1211 763 ob
1260 715 1380 780 circulis,
1398 726 1422 769 et
1440 713 1591 771 ordinando
1608 718 1707 771 suxiliu
1724 716 1846 769 circulari
1865 715 2007 786 procedure
2019 733 2079 787 pos·

392 797 569 850 intentionenr
588 808 613 850 et
631 813 738 865 scopum
759 793 990 847 serenissimorum
1011 795 1211 864 capitoletttium
1263 808 1334 849 sunt.
1352 799 1416 852 Siue
1433 809 1521 855 eutem
1541 803 1659 872 propriis
1678 801 1812 855 militibus
1830 809 1945 866 utsclur,
1959 802 2014 856 else
2026 801 2081 856 nir·

392 896 420 934 et
439 898 594 950 expressam
613 879 819 950 dispositionem
840 879 865 933 d.
893 891 943 932 nrt.
969 881 1014 933 28.
1039 879 1116 949 cupit.
1139 879 1212 946 ieop.
1262 881 1409 946 celeribus,
1430 883 1567 953 impensae
1587 897 1741 954 repetuntur
1758 901 1790 938 ex
1810 885 1886 936 bunis
1904 885 2032 948 banniti,
2056 895 2083 938 et

394 965 513 1017 lntectlo
532 964 603 1016 euim
623 964 767 1016 electorum
787 961 854 1030 init,
874 981 908 1016 ne
928 981 969 1016 res
995 965 1061 1018 tenti
1085 967 1213 1018 momenti
1262 961 1377 1028 deinum,
1396 965 1465 1018 siet
1485 968 1548 1020 bnec
1565 985 1617 1021 nun
1637 965 1788 1032 sufiiciunt,
1806 983 1839 1019 rx
1856 969 1989 1020 communi
2009 982 2082 1023 esre·

395 1049 498 1117 absque
516 1047 634 1119 ipsorum
653 1063 782 1100 eonsensc
801 1043 866 1111 list,
884 1059 911 1101 et
929 1048 993 1100 hinc
1014 1066 1067 1103 nun
1092 1047 1213 1113 elicitur,
1263 1049 1303 1101 riu
1320 1047 1428 1110 circuli,
1448 1060 1492 1101 aut
1511 1051 1643 1102 eemmcni
1662 1051 1695 1102 ab
1712 1067 1744 1102 eo
1762 1050 1918 1103 eonlerentle
1944 1053 2079 1122 pecnnia,

392 1133 580 1204 imperatorem
608 1146 661 1186 uon
686 1131 902 1197 declaraturum,
926 1129 973 1186 sed
999 1149 1052 1186 uun
1077 1149 1213 1186 concessu·
1263 1131 1317 1183 sid.
1336 1149 1365 1185 ee
1382 1151 1448 1200 quse
1466 1134 1498 1188 de
1518 1135 1649 1203 impensis
1667 1135 1738 1187 dicta
1757 1145 1820 1187 sunt
1836 1153 1894 1206 cup.
1913 1137 1940 1189 ³.

393 1235 480 1284 rum,
500 1213 683 1285 nequisquam
702 1215 872 1279 declaretur,
893 1231 941 1286 per
960 1217 1054 1271 serbe:
1085 1215 1213 1270 Wirsol-
1298 1211 1321 1285 5.
1342 1217 1368 1266 7.
1387 1217 1461 1270 i'inis
1481 1217 1559 1285 bujns
1577 1217 1737 1272 executionis
1754 1229 1811 1280 est,
1830 1231 1856 1272 nt
1882 1235 1993 1285 persone
2016 1218 2083 1270 ban-

393 1300 439 1356 ien
465 1298 524 1354 und
547 1298 644 1354 wellen
664 1296 924 1368 aucbfriritummen
947 1299 1006 1354 und
1022 1300 1113 1355 keines
1129 1318 1214 1371 meges
1262 1301 1327 1364 niti,
1347 1302 1371 1354 si
1392 1305 1490 1372 possit,
1509 1305 1638 1374 capietur,
1656 1315 1683 1356 et
1701 1303 1835 1374 supplicio
1853 1299 1996 1368 etbetnoe,
2010 1303 2080 1357 bons

393 1392 547 1454 perterrere,
566 1380 628 1434 dues
648 1382 783 1452 ltinjilbru
802 1383 948 1450 iemunden
971 1389 1062 1440 buben
1081 1389 1140 1442 und
1155 1389 1211 1442 nie·
1262 1373 1319 1448 etius
1336 1399 1495 1456 occupentur
1511 1399 1535 1439 et
1558 1388 1743 1457 publicentur,
1761 1397 1789 1439 et
1816 1389 1844 1438 in
1868 1387 1991 1439 omnibus
2018 1404 2077 1440 seu-

392 1467 461 1520 dern
486 1466 601 1520 desudes
623 1461 790 1536 ctnrsurn,
810 1469 914 1533 Fures.
935 1471 1021 1524 Stanti
1032 1473 1099 1526 oder
1113 1473 1214 1528 undere
1262 1473 1360 1524 tentine
1376 1483 1470 1525 contre
1485 1489 1543 1524 eum
1561 1470 1749 1538 pronuncietae
1762 1467 1893 1534 satisfiet,
1905 1470 1960 1525 nisi
1972 1470 2081 1542 sitper·

393 1550 715 1620 citnreelttusesst'gennti
731 1569 881 1622 guttgrcnre
905 1556 1025 1611 Ursuclte
1044 1557 1112 1608 unck
1132 1577 1216 1626 unge·
1263 1569 1325 1604 sons
1346 1554 1542 1606 eoelesteettea.
1562 1555 1641 1608 Salso
1660 1566 1747 1606 tamen
1773 1556 1844 1622 jure,
1862 1555 1934 1624 quud
1957 1555 2025 1608 eiius
2052 1557 2083 1608 in

392 1634 455 1688 Ιιόιι
476 1638 532 1690 nied
544 1637 601 1688 obn
619 1635 781 1700 Vossos‘ssen,
802 1635 874 1691 lintis
894 1639 949 1691 rand
968 1638 1150 1712 Bewilb'gnng
1168 1643 1214 1694 dea
1262 1637 1349 1707 ipsius
1369 1638 1435 1690 bone
1455 1638 1563 1704 babuit3
1584 1648 1612 1691 et
1630 1639 1652 1690 si
1672 1639 1733 1706 quis
1751 1640 1837 1690 laesus
1856 1649 1896 1692 est
1915 1659 1929 1692 a
1948 1639 2081 1703 bannito,

398 1719 433 1773 H.
446 1721 544 1772 llet'elts
560 1719 753 1787 Cbutstlrsten,
767 1723 865 1774 meiebe
876 1721 932 1774 oieb
946 1722 993 1775 ties
1012 1724 1119 1781 Wereks
1137 1726 1213 1778 nieles
1258 1741 1272 1773 e
1291 1723 1393 1776 circulo
1412 1722 1491 1776 debet
1510 1723 1624 1774 immitti
1642 1739 1692 1792 pro
1709 1721 1857 1790 quantitate
1873 1722 1958 1776 debiti
1973 1725 2080 1777 demni-

392 1801 558 1873 rireilbufflig
566 1807 700 1874 gemucltt,
710 1808 739 1860 t'n
752 1805 797 1859 aiis
810 1809 882 1860 Acte
894 1808 952 1861 tend
965 1807 1099 1866 Oberaelst
1108 1812 1211 1877 getbnn
1260 1825 1291 1866 re
1309 1808 1337 1859 in
1356 1809 1412 1874 ejus
1431 1807 1497 1859 bone
1516 1807 1670 1870 attentati„
1691 1823 1723 1858 ex
1737 1805 1888 1866 ientlelibur
1901 1825 1963 1861 seru
1977 1817 2080 1861 tautum

392 1889 519 1958 gebrucbt
537 1891 605 1944 oder
614 1889 768 1950 erkiuebrel
781 1893 889 1945 werden
904 1895 991 1961 muge.
1006 1893 1062 1944 imo
1076 1894 1210 1962 sequentia
1260 1890 1285 1942 ei
1305 1889 1383 1952 deri,
1403 1901 1543 1959 quantum,
1563 1891 1677 1942 deductu
1696 1909 1738 1952 eo,
1756 1892 1825 1958 spraud
1843 1893 1879 1944 'ed
1906 1892 2082 1946 concertatio·

392 1977 469 2028 rerba
489 1977 554 2030 setis
570 1973 762 2042 demonstrent,
777 1980 856 2028 etiem
878 1979 905 2030 iu
923 1995 1025 2032 camere
1038 1979 1104 2030 benc
1117 1979 1208 2050 dispo·

392 2058 515 2110 sitionem
535 2061 619 2112 eslere
637 2059 747 2122 debers,
770 2061 804 2114 ib.
822 2064 942 2116 eundem
967 2063 996 2115 in
1020 2064 1138 2117 sulcbem
1164 2081 1210 2117 or·

389 2145 542 2196 elentlielter
550 2163 658 2210 process
667 2145 792 2217 gebuiten
807 2146 865 2200 tend
880 2146 1020 2214 ootteogen
1039 2149 1139 2210 werde,
1160 2150 1210 2204 wie

389 2243 417 2276 es
427 2227 483 2277 sirit
492 2229 567 2278 nnclt
582 2229 761 2298 ,lssrmet'snng
773 2229 819 2283 des
828 2229 901 2283 neit.
915 2231 1012 2285 Reicies
1022 2231 1209 2304 uuruufgeeee·

391 2320 432 2363 ter
443 2311 549 2378 Sttsung
559 2318 616 2364 tenti
627 2313 676 2365 der
687 2316 724 2364 t'm
738 2315 816 2366 Jultr
836 2315 914 2369 1555.
937 2314 1108 2384 refismrr'rlet·
1127 2321 1208 2371 Cum·

389 2411 450 2445 met·
470 2394 746 2464 (lenicius-Ordoung
755 2407 803 2450 ete.
814 2397 948 2466 gehlibret.
963 2397 995 2450 Et
1009 2398 1069 2468 ipse
1079 2399 1124 2452 elo.
1138 2401 1209 2454 ttnt-

390 2479 449 2528 sins
470 2477 574 2530 tetidem
593 2479 792 2532 conducitur.
808 2481 886 2532 bodie
897 2483 1131 2536 comminationem
1145 2487 1209 2538 ben·

390 2561 418 2611 ni
437 2561 545 2629 quidem
565 2581 580 2612 s
601 2563 699 2626 jndicio
717 2578 784 2616 cnm.
802 2564 886 2615 edituo
904 2565 964 2618 steri
980 2585 1072 2635 possen
1084 2579 1112 2620 el
1124 2571 1208 2625 deela-

389 2657 523 2698 retsonem
544 2657 596 2700 noo
617 2646 672 2698 nisl
692 2662 822 2701 consensu
841 2659 868 2700 et
892 2649 1007 2702 consiliu
1035 2653 1113 2704 trium
1141 2654 1207 2723 imp.

389 2731 556 2798 collegiorum
577 2747 624 2800 per
640 2742 693 2782 art.
706 2731 748 2784 20.
767 2733 845 2801 eupit.
859 2749 932 2798 perp.
945 2733 1014 2802 quud
1028 2747 1155 2787 essertnm
1172 2747 1208 2790 ta·

391 2832 451 2866 rnen
472 2833 541 2868 netue
561 2818 589 2868 iu
609 2815 697 2868 medio
715 2813 960 2886 relinquc,sulficit
978 2832 1025 2887 pro
1042 2819 1145 2872 ustione
1165 2821 1207 2874 in·

391 2901 428 2950 sti
441 2901 479 2949 nti
500 2899 626 2968 probasse
653 2899 722 2968 quud
741 2915 827 2968 neque
845 2899 999 2969 imperetur,
1011 2921 1094 2972 neque
1104 2923 1206 2960 cemera

388 3003 546 3055 quentqnnm
559 2985 593 3036 ln
612 2985 727 3036 bennum
747 2985 888 3047 dedecere,
900 3001 984 3054 neque
1004 2987 1100 3038 militie
1118 2990 1204 3044 cirntt·

394 3071 459 3121 lsris
477 3087 536 3122 eunt
557 3086 607 3137 pru
618 3067 732 3120 bannito
745 3077 857 3121 tractare
872 3069 962 3138 possit,
976 3067 1003 3120 ic
1015 3068 1115 3122 delicto
1125 3073 1208 3128 etiam

396 3156 512 3204 inanime
530 3153 645 3218 notorio,
663 3151 760 3221 absque
780 3169 909 3206 consensu
927 3153 1113 3208 eircumnium
1126 3168 1209 3214 etatu-

394 3255 448 3298 ttm,
468 3238 523 3288 sire
540 3252 588 3305 pru
607 3252 635 3287 re
654 3245 713 3288 nete
733 3237 887 3290 eiecturum.

428 3328 452 3384 §.
469 3322 495 3374 ll.
514 3323 678 3390 Quemquam
698 3339 759 3374 reru
785 3323 886 3376 militia
911 3322 1049 3378 circuieris
1071 3324 1207 3380 nerninem

392 3409 492 3478 absque
509 3423 638 3459 consensu
656 3407 799 3460 electurum
814 3427 862 3478 pro
873 3409 981 3461 bennito
995 3419 1102 3462 tractare
1115 3410 1209 3479 possit.

393 3495 424 3547 Si
446 3503 531 3544 temen
552 3491 650 3542 inettsm
675 3501 714 3542 est
739 3508 915 3559 permaneus,
935 3501 986 3543 trun
1006 3493 1090 3544 isesus
1102 3529 1111 3557 ,
1129 3511 1208 3561 quent

390 3577 485 3628 militia
504 3575 639 3626 circnlnris
658 3574 780 3642 persequi
798 3575 968 3637 turbntorem,
981 3571 1092 3643 eumque
1104 3595 1207 3646 cepere,

390 3672 416 3712 et
434 3659 565 3718 detinere,
584 3668 659 3724 etque
677 3657 828 3724 imperaturi
854 3667 881 3710 et
905 3673 1023 3711 cnmetse
1047 3660 1209 3713 denunciere

391 3754 485 3813 potesta
505 3753 559 3794 tum
579 3744 640 3810 quia
660 3741 710 3793 boc
727 3741 794 3809 juris
808 3742 935 3794 nnturelis
947 3754 1003 3806 est,
1019 3752 1073 3796 lunt
1085 3745 1146 3813 quia
1162 3761 1209 3813 per

389 3829 419 3882 tt.
441 3830 507 3897 imp.
525 3837 586 3878 ente
605 3827 812 3878 declarationem
834 3827 861 3878 in
888 3827 1003 3878 bennum
1026 3845 1132 3896 semper
1156 3829 1208 3884 tois

390 3913 504 3975 licitum,
522 3910 577 3964 sid.
597 3913 680 3980 Καρ.
700 3909 817 3980 Luneifr.
836 3909 918 3964 tttttt.
936 3911 977 3962 tit.
996 3913 1022 3964 ³.
1039 3913 1127 3965 Altero
1138 3929 1207 3978 ceeu,

389 3995 493 4064 quentin
510 3996 567 4048 scil.
583 4011 628 4048 ree
644 4004 683 4046 est
701 3995 806 4046 eltiuris
826 3994 962 4062 indaginis
975 4013 1023 4049 uec
1037 3995 1133 4050 iactum
1148 4016 1208 4068 per·

392 4095 510 4141 mertens,
530 4089 584 4132 tum
605 4096 690 4147 neque
705 4079 781 4142 oiim,
801 4096 886 4148 neqne
904 4080 993 4143 bodie,
1008 4081 1104 4134 militie
1120 4082 1207 4134 circu·

370 4209 371 4214 ,
392 4163 457 4216 laris
475 4163 673 4236 delinquentem
693 4164 762 4215 bellu
781 4165 854 4232 sequi
874 4174 976 4232 potest,
989 4164 1035 4214 sed
1050 4164 1207 4218 seutentism

392 4249 562 4319 imperaturis
581 4261 606 4304 et
622 4249 763 4300 electurum
783 4259 924 4316 expectere
943 4257 1054 4300 tenetur.

427 4339 448 4392 i.
466 4334 492 4385 b.
510 4332 623 4406 Quando
641 4333 722 4400 igitur
741 4330 860 4384 bennum
880 4331 945 4400 imp.
963 4329 1084 4398 legitime
1102 4339 1142 4384 est
1161 4329 1208 4382 dee

392 4416 530 4479 claretum,
548 4429 609 4470 tunc
627 4414 859 4484 distinguendum,
877 4431 911 4466 nu
930 4415 1056 4467 benttilns
1075 4413 1111 4467 sil
1128 4423 1210 4467 sletns

393 4497 518 4566 imperii,
535 4514 568 4549 eu
587 4513 651 4549 sero
674 4497 797 4550 subditus
821 4497 929 4566 alicujus
952 4506 1052 4560 stetnse
1077 4497 1125 4549 boc
1150 4513 1209 4549 cssu

393 4583 482 4642 stetui,
500 4580 605 4632 banniti
624 4581 733 4635 domino
752 4582 905 4634 territurisli
924 4581 1114 4634 committenda
1132 4592 1209 4634 este·

393 4667 509 4726 secutio,
527 4679 575 4714 nec
594 4664 640 4717 ille
659 4666 725 4718 bunc
742 4666 828 4736 ipsam
849 4666 978 4736 dettegtre
997 4676 1090 4734 potest,
1109 4665 1161 4718 nisi
1175 4666 1211 4718 ub

393 4762 483 4798 eeusas
500 4747 629 4816 legitimus
647 4749 671 4802 ei
690 4747 725 4800 sit
745 4753 895 4812 remissum,
915 4767 1008 4818 uetupe
1025 4745 1129 4817 qmcdo
1147 4763 1209 4803 non·

395 4847 432 4886 tre
452 4835 666 4887 communitatem
685 4837 804 4888 executio
824 4833 941 4888 inciendn
965 4852 1044 4904 qnam
1063 4842 1146 4886 slatus
1163 4849 1208 4885 tu·

395 4935 456 4988 pere
472 4931 600 4988 nequent,
618 4928 663 4969 snt
683 4919 704 4970 si
725 4919 840 4989 primtus
858 4920 994 4972 castellnm
1014 4915 1145 4968 munitum
1165 4916 1210 4968 be·

398 5006 469 5062 beet,
487 5001 555 5069 qund
574 5018 627 5052 nun
646 4991 866 5071 ebsquc'megnis
884 5002 1015 5071 impensis
1041 5001 1209 5069 expugnari,

397 5101 446 5136 nec
466 5085 598 5154 impensae
616 5085 681 5136 istnc
700 5103 733 5136 ex
753 5088 851 5137 banniti
872 5084 951 5136 bunis
970 5084 1076 5136 relnndi
1096 5089 1209 5155 possint.

396 5169 456 5222 ord.
473 5187 543 5222 eum.
560 5189 587 5242 p.
605 5172 631 5222 ³.
650 5172 691 5222 n's.
709 5171 754 5224 ii.
772 5173 825 5226 [liu
843 5179 969 5232 caett,.ut
987 5181 1014 5222 et
1030 5167 1133 5238 qnsndn
1155 5181 1205 5222 ste·

395 5265 546 5309 tuseuntre
565 5255 701 5310 subditum
720 5257 807 5320 colit,
826 5255 908 5310 istob
933 5257 985 5321 jane
1011 5253 1095 5306 dictes
1120 5269 1207 5304 cernens

397 5357 450 5392 nun
470 5343 551 5411 possit
571 5343 681 5410 erupti,
701 5342 811 5404 circulo,
823 5343 896 5408 ettjus
916 5341 1064 5392 membrum
1083 5348 1123 5392 est
1140 5338 1207 5390 ban·

397 5426 607 5479 nitus‘eseuutiu
624 5424 812 5480 ilemendeuda.
831 5424 866 5478 Et
885 5435 939 5478 tum
959 5425 1118 5478 circulorum
1141 5425 1207 5478 dire·

1259 1993 1319 2026 nem
1341 1975 1451 2028 tuorum
1474 1976 1600 2029 bonorum
1622 1977 1778 2042 requiritur,
1797 1986 1925 2046 superest.
1945 1977 2081 2040 Ecleiuer.

1257 2061 1303 2112 des
1316 2050 1434 2130 Lucilffi
1446 2059 1479 2112 de
1487 2058 1545 2130 jin.
1560 2062 1638 2114 150⁰.
1653 2060 1692 2114 lt't.
1708 2061 1734 2113 7.

1292 2139 1318 2211 5.
1335 2145 1361 2194 8.
1382 2145 1433 2194 Sed
1453 2161 1548 2212 precer.
1570 2147 1611 2196 eui
1632 2145 1724 2197 cednnt
1742 2145 1810 2198 burte
1830 2143 1955 2209 leudulis,
1974 2165 2008 2199 an
2028 2147 2079 2200 im·

1257 2228 1373 2294 pereturi
1395 2244 1440 2278 seu
1460 2222 1524 2279 iiseo
1545 2228 1698 2296 imperiali,
1716 2244 1749 2278 sn
1776 2229 1869 2280 liberis
1896 2227 2018 2290 benniti;
2046 2245 2078 2280 sn

1260 2309 1381 2376 agnetis,
1401 2328 1434 2361 an
1453 2311 1567 2381 deniqne
1585 2315 1594 2376 (
1611 2312 1633 2362 ei
1654 2310 1781 2363 benttitns
1800 2321 1840 2363 est
1856 2311 2006 2364 membrum
2026 2313 2076 2364 im·

1260 2391 1329 2462 perii
1350 2393 1520 2463 mediatum)
1539 2394 1616 2446 stetui
1637 2396 1712 2460 cujus
1731 2382 1853 2445 subditus
1871 2406 1911 2447 est
1930 2393 2080 2448 bannitus?

1259 2479 1288 2529 Si
1309 2477 1433 2530 bannitus
1452 2491 1487 2530 est
1507 2489 1592 2533 statns
1613 2479 1678 2548 imp.
1696 2478 1792 2530 liberis
1810 2487 1836 2530 st
1855 2478 2076 2532 descendentibus
2152 2465 2156 2471 ¹

1258 2561 1313 2628 ejus
1340 2560 1415 2613 lendn
1443 2563 1557 2632 relinqui
1581 2563 1702 2624 debere,
1727 2565 1856 2613 essentne
1882 2561 1918 2613 im
1945 2563 2080 2634 chy'esr

1257 2645 1402 2715 Cbnfiirsr
1427 2649 1492 2700 Cari
1511 2646 1626 2714 beadwig
1650 2645 1745 2714 Pflrltn
1774 2640 1889 2712 Grnffen
1916 2646 1965 2716 bey
1990 2648 2078 2701 Iilteits

1256 2747 1330 2782 anno
1351 2731 1436 2780 1637.
1452 2731 1599 2799 publicato;
1619 2729 1781 2782 eontrarium
1800 2746 1861 2783 reru
1879 2731 1971 2785 statuit
1988 2735 2078 2787 Strne.

1256 2813 1285 2865 t'n
1302 2831 1324 2864 s.
1343 2813 1361 2864 i.
1379 2813 1409 2880 s
1427 2830 1451 2864 c.
1473 2815 1517 2864 tn.
1537 2825 1564 2864 et
1582 2814 1721 2866 Cotbmsn.
1742 2813 1793 2866 vui.
1820 2817 1845 2868 l.
1872 2831 1894 2868 r.
1913 2815 1939 2866 2.
1957 2832 1986 2868 rt.
2007 2819 2032 2868 7.
2053 2819 2078 2870 8.

1256 2896 1366 2962 ¹Agnetis
1385 2895 1502 2949 eumdem
1517 2896 1606 2950 deberi
1627 2899 1763 2960 ridebatur
1780 2899 1948 2950 asserendum
1964 2918 2012 2970 per
2024 2902 2056 2954 E·
2068 2929 2084 2945 ·

1256 2979 1343 3034 kiaer.
1362 2982 1410 3033 ties
1428 2983 1545 3051 Laurifr.
1567 2983 1648 3032 tort.
1667 2993 1685 3032 ι.
1704 2983 1748 3032 77.
1773 2984 1870 3034 Verum
1891 3001 1950 3036 eum
1969 2983 2000 3035 bi
2018 2987 2076 3040 siro

1256 3068 1367 3120 tassello
1387 3069 1492 3135 citroque
1513 3066 1818 3120 ‹lescentlenlibuenibil
1837 3069 1905 3133 iuris
1926 3069 2036 3123 babeent
2049 3073 2076 3122 ita

1256 3147 1323 3200 butte
1343 3150 1467 3212 banniti,
1487 3153 1533 3204 itte
1551 3160 1638 3203 texltts
1656 3151 1743 3202 iocetm
1762 3151 1877 3215 bebi-bit,
1896 3155 1998 3220 quando
2018 3155 2081 3208 bein·

1257 3235 1330 3284 nitus
1346 3235 1456 3302 eiusque
1475 3233 1662 3288 descendentes
1683 3245 1742 3286 sunt
1763 3237 1879 3288 mortui.
1899 3239 1952 3292 Sed
1972 3238 1995 3291 si
2014 3241 2078 3292 ben·

1256 3317 1328 3370 nitus
1347 3329 1386 3371 est
1406 3319 1530 3372 subditus
1543 3317 1652 3386 nliecjns
1665 3329 1749 3372 statne
1763 3321 1831 3388 imp.
1843 3321 1911 3372 bunn
1926 3322 2013 3390 ipsius
2024 3339 2079 3378 nort

1257 3402 1321 3454 fiseo
1340 3401 1488 3469 imperiali,
1508 3403 1553 3454 sed
1573 3402 1688 3454 letnlnlie
1708 3403 1816 3458 dominu
1835 3401 1926 3462 leudi,
1945 3407 2078 3460 elludiulis

1255 3502 1317 3536 serta
1336 3486 1398 3547 iili,
1417 3487 1460 3554 qni
1482 3487 1537 3550 inre
1559 3484 1617 3537 sttui
1639 3486 1719 3536 babet
1737 3494 1765 3537 ei
1790 3487 1839 3536 snb
1863 3489 1938 3553 ctrjne
1967 3493 2077 3544 territu-

1257 3569 1298 3622 rio
1315 3581 1357 3620 niet
1378 3568 1565 3636 jurisdictione
1589 3575 1641 3626 site
1666 3580 1743 3633 suut,
1771 3573 1886 3625 cedunt.
1911 3573 1998 3644 Cepit.
2023 3581 2081 3632 Jos.

1255 3661 1311 3706 orl.
1330 3654 1377 3704 26.

1293 3745 1316 3802 5.
1335 3739 1432 3792 used
1450 3741 1515 3810 quid
1534 3736 1582 3794 fiet
1607 3738 1640 3791 tie
1665 3739 1822 3794 nominibus
1848 3751 1875 3796 el
1898 3742 2072 3806 stelionibus,

1256 3841 1323 3891 ques
1341 3825 1463 3877 bannitus
1481 3837 1572 3878 euntrtt
1589 3825 1655 3876 aiios
1675 3825 1766 3878 hebuit
1784 3826 1824 3878 sei
1849 3827 1945 3880 hebere
1970 3828 2080 3897 poluit?

1257 3907 1360 3961 Cedamt
1378 3909 1562 3970 debitoribus,
1581 3917 1608 3960 el
1626 3925 1719 3959 omnes
1739 3909 1805 3960 istse
1823 3911 1959 3984 qutiones,
1978 3911 2079 3981 oblige-

1259 3995 1345 4045 ticnes
1362 4004 1409 4046 ete.
1429 3990 1559 4043 tantone
1577 4002 1601 4044 et
1621 4000 1740 4044 mortuae
1760 4006 1836 4047 sunt.
1857 3995 1954 4063 lueys.
1974 3993 2080 4062 lssmifi

1259 4076 1339 4128 tbts.
1358 4077 1396 4130 tit.
1416 4077 1458 4130 dle
1478 4079 1542 4130 Pon
1561 4073 1612 4128 der
1628 4077 1839 4128 Friedtreeber.
1858 4079 1929 4130 Hinc
1950 4097 2006 4132 cnm
2028 4099 2079 4132 etn-

1258 4179 1295 4216 uu
1316 4163 1398 4214 1689.
1427 4163 1553 4228 Princeps
1578 4161 1802 4229 i'tlrstenbergins
1826 4180 1885 4214 cum
1911 4166 2021 4220 asseclis
2050 4168 2078 4217 in

1258 4246 1373 4300 bennum
1395 4247 1459 4316 imp.
1476 4245 1645 4306 declaretur,
1664 4256 1691 4298 et
1710 4247 1782 4298 inter
1802 4247 1849 4298 bos
1874 4263 1963 4301 eomes
1987 4251 2079 4304 Rietb-

1259 4332 1388 4400 bergine,
1405 4331 1530 4400 princepe
1548 4329 1650 4381 Frisiee
1674 4330 1774 4382 crient.
1796 4330 1950 4400 prsetscdit
1968 4334 2079 4386 numius

1258 4423 1286 4468 et
1302 4412 1487 4482 obligationes,
1509 4429 1572 4481 qnos
1591 4411 1676 4464 dietus
1695 4427 1785 4464 comes
1804 4413 1832 4462 in
1853 4413 1942 4466 Frisie
1955 4417 2013 4482 inre
2031 4436 2081 4487 ep·

1259 4499 1362 4568 penngii
1383 4498 1524 4557 ltubuemt,
1544 4513 1603 4548 esse
1622 4505 1726 4548 mortua
1774 4508 1800 4550 ut
1826 4498 1916 4551 omnis
1941 4501 1997 4566 eius
2023 4503 2080 4568 inre

1259 4581 1312 4651 ipsi
1333 4582 1446 4650 principi
1469 4591 1521 4632 tam
1540 4582 1597 4645 jure
1616 4577 1674 4632 litei
1694 4597 1771 4648 quam
1789 4581 1824 4633 ob
1843 4583 1921 4636 modu
1943 4585 2080 4654 allegatam

1258 4667 1460 4735 dispositionem
1479 4665 1525 4718 des
1543 4663 1744 4735 Lunrlfriedens
1755 4665 1876 4726 cessisse.
1890 4683 1938 4720 nec
1950 4684 1978 4720 se
1992 4671 2078 4722 teceri

1259 4751 1342 4819 legite
1361 4769 1375 4801 e
1394 4749 1506 4801 bennito
1525 4749 1552 4800 in
1579 4758 1736 4802 testamento
1758 4749 1848 4805 relicte
1874 4753 2025 4818 exsolvere,
2050 4756 2083 4809 tie

1257 4857 1308 4908 qim
1326 4837 1452 4904 scriptum
1473 4833 1719 4903 typisimpressum
1738 4843 1817 4886 estat.
1833 4835 1888 4888 Sed
1899 4853 1934 4888 an
1955 4837 2020 4888 berc
2039 4841 2080 4903 ite·

1259 4938 1286 4975 re
1304 4921 1392 4990 ipsum
1410 4937 1424 4971 a
1442 4919 1570 4970 solutione
1589 4918 1730 4984 legatorum
1749 4919 1801 4984 jem
1822 4917 1939 4972 liberare
1958 4923 2083 4990 possint,

1259 5008 1363 5068 dubito,
1381 5015 1517 5074 postquam
1537 5003 1603 5054 dicti
1624 5001 1728 5054 banniti
1749 5019 1903 5072 perpacem
1924 5007 2080 5077 hypanim.

1258 5109 1313 5146 κω
1333 5087 1488 5159 plenissime
1508 5095 1570 5137 sunt
1589 5085 1731 5148 restituti,
1750 5095 1920 5151 eberpresee
1940 5089 1968 5142 iu
1998 5093 2079 5144 r'nstr.

1261 5176 1288 5229 d.
1304 5190 1366 5242 pac.
1386 5182 1552 5232 concentum,
1571 5168 1640 5238 quod
1658 5170 1741 5240 legata
1760 5169 1792 5221 sb
1812 5171 1867 5222 iltis
1887 5172 2004 5242 relicte,
2022 5173 2083 5228 sine

1260 5275 1333 5313 mura
1352 5255 1451 5309 easolri
1468 5254 1592 5311 debeant.
1616 5277 1620 5289 ·
1692 5285 1694 5291 ι

1392 5421 1521 5482 solt
1560 5421 1667 5476 ΠΕΟ
1703 5421 1947 5479 (tinniit.
