<?xml version="1.0" encoding="UTF-8"?>
<!DOCTYPE html PUBLIC "-//W3C//DTD XHTML 1.0 Transitional//EN"
    "http://www.w3.org/TR/xhtml1/DTD/xhtml1-transitional.dtd">
<html xmlns="http://www.w3.org/1999/xhtml" xml:lang="en" lang="en">
 <head>
  <title>
</title>
<meta http-equiv="Content-Type" content="text/html;charset=utf-8" />
  <meta name='ocr-system' content='tesseract 3.04.00' />
  <meta name='ocr-capabilities' content='ocr_page ocr_carea ocr_par ocr_line ocrx_word'/>
</head>
<body>
  <div class='ocr_page' id='page_1' title='image "./samuelisstrykii00schogoog_0221.png"; bbox 0 0 4456 6220; ppageno 0'>
   <div class='ocr_carea' id='block_1_1' title="bbox 368 409 1656 754">
    <p class='ocr_par' dir='ltr' id='par_1_1' title="bbox 368 356 1656 754">
     <span class='ocr_line' id='line_1_1' title="bbox 659 409 1462 546; baseline 0.017 -60"><span class='ocrx_word' id='word_1_1' title='bbox 659 409 992 492; x_wconf 81' lang='lat' dir='ltr'><strong>ursrurarro</strong></span> <span class='ocrx_word' id='word_1_2' title='bbox 1015 413 1226 498; x_wconf 80' lang='lat' dir='ltr'><strong>unorum</strong></span> <span class='ocrx_word' id='word_1_3' title='bbox 1251 417 1462 546; x_wconf 78' lang='lat' dir='ltr'><strong>rnnrra</strong></span> 
     </span>
     <span class='ocr_line' id='line_1_2' title="bbox 368 544 1656 754; baseline 0.018 -23"><span class='ocrx_word' id='word_1_4' title='bbox 368 595 596 734; x_wconf 78' lang='lat' dir='ltr'><strong>&#39;uu</strong></span> <span class='ocrx_word' id='word_1_5' title='bbox 676 619 973 736; x_wconf 84' lang='lat' dir='ltr'><strong>uuna</strong></span> <span class='ocrx_word' id='word_1_6' title='bbox 1052 544 1656 754; x_wconf 82' lang='lat' dir='ltr'><strong>uuuonuu.</strong></span> 
     </span>
    </p>
   </div>
   <div class='ocr_carea' id='block_1_2' title="bbox 908 873 1213 926">
    <p class='ocr_par' dir='ltr' id='par_1_2' title="bbox 908 873 1213 926">
     <span class='ocr_line' id='line_1_3' title="bbox 908 873 1213 926; baseline 0.033 -10"><span class='ocrx_word' id='word_1_7' title='bbox 908 873 942 918; x_wconf 78' lang='lat' dir='ltr'><strong>D.</strong></span> <span class='ocrx_word' id='word_1_8' title='bbox 966 873 1040 920; x_wconf 78' lang='lat' dir='ltr'><strong>tut!</strong></span> <span class='ocrx_word' id='word_1_9' title='bbox 1064 879 1213 926; x_wconf 63' lang='lat' dir='ltr'><strong>lilium.</strong></span> 
     </span>
    </p>
   </div>
   <div class='ocr_carea' id='block_1_3' title="bbox 686 1059 1224 1108">
    <p class='ocr_par' dir='ltr' id='par_1_3' title="bbox 686 1059 1224 1108">
     <span class='ocr_line' id='line_1_4' title="bbox 686 1059 1224 1108; baseline 0.007 -6"><span class='ocrx_word' id='word_1_10' title='bbox 686 1063 690 1070; x_wconf 89' lang='grc'><strong>“</strong></span> <span class='ocrx_word' id='word_1_11' title='bbox 892 1059 1224 1108; x_wconf 74' lang='grc' dir='ltr'>ΗΗΗΜΗΙ</span> 
     </span>
    </p>
   </div>
   <div class='ocr_carea' id='block_1_4' title="bbox 412 1214 1579 1298">
    <p class='ocr_par' dir='ltr' id='par_1_4' title="bbox 412 1214 1579 1298">
     <span class='ocr_line' id='line_1_5' title="bbox 412 1214 1579 1298; baseline 0.013 -16"><span class='ocrx_word' id='word_1_12' title='bbox 412 1243 415 1250; x_wconf 67' lang='grc'>’</span> <span class='ocrx_word' id='word_1_13' title='bbox 526 1214 850 1288; x_wconf 84' lang='lat' dir='ltr'><strong>SIGISlllUllD</strong></span> <span class='ocrx_word' id='word_1_14' title='bbox 882 1219 991 1292; x_wconf 80' lang='lat' dir='ltr'><strong>mn.</strong></span> <span class='ocrx_word' id='word_1_15' title='bbox 1023 1223 1254 1296; x_wconf 75' lang='lat' dir='ltr'><strong>BARONE</strong></span> <span class='ocrx_word' id='word_1_16' title='bbox 1286 1223 1360 1296; x_wconf 86' lang='lat' dir='ltr'><strong>DE</strong></span> <span class='ocrx_word' id='word_1_17' title='bbox 1389 1225 1579 1298; x_wconf 72' lang='lat' dir='ltr'><strong>Bllldll.</strong></span> 
     </span>
    </p>
   </div>
   <div class='ocr_carea' id='block_1_5' title="bbox 675 1423 1335 1808">
    <p class='ocr_par' dir='ltr' id='par_1_5' title="bbox 675 1423 1335 1808">
     <span class='ocr_line' id='line_1_6' title="bbox 778 1423 1335 1554; baseline 0.007 -20"><span class='ocrx_word' id='word_1_18' title='bbox 778 1423 1335 1554; x_wconf 42' lang='lat' dir='ltr'>W</span> 
     </span>
     <span class='ocr_line' id='line_1_7' title="bbox 675 1707 1250 1808; baseline 0 -2"><span class='ocrx_word' id='word_1_19' title='bbox 675 1707 677 1712; x_wconf 80' lang='grc'><strong>’</strong></span> <span class='ocrx_word' id='word_1_20' title='bbox 804 1707 1250 1808; x_wconf 78' lang='lat' dir='ltr'><strong>&#39;tuncassos</strong></span> 
     </span>
    </p>
   </div>
   <div class='ocr_carea' id='block_1_6' title="bbox 217 1871 1938 2769">
    <p class='ocr_par' dir='ltr' id='par_1_6' title="bbox 217 1871 1938 2769">
     <span class='ocr_line' id='line_1_8' title="bbox 218 1871 1891 2127; baseline 0.006 -37"><span class='ocrx_word' id='word_1_21' title='bbox 218 1871 608 2116; x_wconf 53' lang='lat' dir='ltr'><strong>iiilss‘licl‘idli</strong></span> <span class='ocrx_word' id='word_1_22' title='bbox 629 1939 1891 2127; x_wconf 46' lang='lat' dir='ltr'><strong>tl,titt..mttttttttt..ttttt‘ttttttifbtttttllttl:t</strong></span> 
     </span>
     <span class='ocr_line' id='line_1_9' title="bbox 218 2114 1891 2220; baseline 0.006 -40"><span class='ocrx_word' id='word_1_23' title='bbox 218 2114 313 2206; x_wconf 91' lang='lat' dir='ltr'><strong>quali</strong></span> <span class='ocrx_word' id='word_1_24' title='bbox 337 2133 423 2182; x_wconf 88' lang='lat' dir='ltr'><strong>sorte</strong></span> <span class='ocrx_word' id='word_1_25' title='bbox 448 2131 565 2186; x_wconf 89' lang='lat' dir='ltr'><strong>natura</strong></span> <span class='ocrx_word' id='word_1_26' title='bbox 590 2120 783 2212; x_wconf 80' lang='lat' dir='ltr'><strong>produxerit</strong></span> <span class='ocrx_word' id='word_1_27' title='bbox 803 2119 974 2201; x_wconf 89' lang='lat' dir='ltr'><strong>homines,</strong></span> <span class='ocrx_word' id='word_1_28' title='bbox 999 2123 1109 2187; x_wconf 90' lang='lat' dir='ltr'><strong>necin</strong></span> <span class='ocrx_word' id='word_1_29' title='bbox 1134 2122 1288 2189; x_wconf 86' lang='lat' dir='ltr'><strong>nascendi</strong></span> <span class='ocrx_word' id='word_1_30' title='bbox 1319 2125 1554 2218; x_wconf 88' lang='lat' dir='ltr'><strong>moriendique</strong></span> <span class='ocrx_word' id='word_1_31' title='bbox 1577 2127 1649 2220; x_wconf 87' lang='lat' dir='ltr'><strong>lege</strong></span> <span class='ocrx_word' id='word_1_32' title='bbox 1672 2126 1737 2200; x_wconf 81' lang='lat' dir='ltr'><strong>ulli,</strong></span> <span class='ocrx_word' id='word_1_33' title='bbox 1757 2122 1891 2214; x_wconf 82' lang='lat' dir='ltr'><strong>privile-</strong></span> 
     </span>
     <span class='ocr_line' id='line_1_10' title="bbox 219 2204 1890 2309; baseline 0.005 -39"><span class='ocrx_word' id='word_1_34' title='bbox 219 2205 314 2296; x_wconf 85' lang='lat' dir='ltr'><strong>gium</strong></span> <span class='ocrx_word' id='word_1_35' title='bbox 337 2204 538 2290; x_wconf 89' lang='lat' dir='ltr'><strong>indulserit,</strong></span> <span class='ocrx_word' id='word_1_36' title='bbox 553 2229 724 2303; x_wconf 82' lang='lat' dir='ltr'><strong>postquam</strong></span> <span class='ocrx_word' id='word_1_37' title='bbox 750 2227 860 2277; x_wconf 86' lang='lat' dir='ltr'><strong>tamen</strong></span> <span class='ocrx_word' id='word_1_38' title='bbox 884 2211 1049 2278; x_wconf 76' lang='lat' dir='ltr'><strong>societates</strong></span> <span class='ocrx_word' id='word_1_39' title='bbox 1071 2210 1159 2278; x_wconf 89' lang='lat' dir='ltr'><strong>inter</strong></span> <span class='ocrx_word' id='word_1_40' title='bbox 1182 2212 1330 2282; x_wconf 86' lang='lat' dir='ltr'><strong>homines</strong></span> <span class='ocrx_word' id='word_1_41' title='bbox 1352 2213 1519 2298; x_wconf 74' lang='lat' dir='ltr'>coaluere,</span> <span class='ocrx_word' id='word_1_42' title='bbox 1538 2217 1607 2309; x_wconf 90' lang='lat' dir='ltr'><strong>ipsa</strong></span> <span class='ocrx_word' id='word_1_43' title='bbox 1633 2217 1803 2282; x_wconf 68' lang='lat' dir='ltr'><strong>necessitas</strong></span> <span class='ocrx_word' id='word_1_44' title='bbox 1818 2237 1890 2281; x_wconf 89' lang='lat' dir='ltr'><strong>earn</strong></span> 
     </span>
     <span class='ocr_line' id='line_1_11' title="bbox 220 2293 1891 2393; baseline 0.004 -31"><span class='ocrx_word' id='word_1_45' title='bbox 220 2293 436 2364; x_wconf 77' lang='lat' dir='ltr'><strong>conservandi</strong></span> <span class='ocrx_word' id='word_1_46' title='bbox 459 2296 544 2366; x_wconf 91' lang='lat' dir='ltr'><strong>hanc</strong></span> <span class='ocrx_word' id='word_1_47' title='bbox 568 2299 702 2367; x_wconf 84' lang='lat' dir='ltr'>induxit</span> <span class='ocrx_word' id='word_1_48' title='bbox 724 2321 890 2388; x_wconf 87' lang='lat' dir='ltr'><strong>normam,</strong></span> <span class='ocrx_word' id='word_1_49' title='bbox 907 2311 946 2365; x_wconf 93' lang='lat' dir='ltr'><strong>ut</strong></span> <span class='ocrx_word' id='word_1_50' title='bbox 970 2321 1038 2392; x_wconf 91' lang='lat' dir='ltr'><strong>quo</strong></span> <span class='ocrx_word' id='word_1_51' title='bbox 1060 2303 1204 2393; x_wconf 88' lang='lat' dir='ltr'><strong>quisque</strong></span> <span class='ocrx_word' id='word_1_52' title='bbox 1226 2303 1405 2382; x_wconf 77' lang='lat' dir='ltr'><strong>meliusne</strong></span> <span class='ocrx_word' id='word_1_53' title='bbox 1426 2309 1595 2374; x_wconf 83' lang='lat' dir='ltr'><strong>communi</strong></span> <span class='ocrx_word' id='word_1_54' title='bbox 1619 2306 1780 2374; x_wconf 88' lang='lat' dir='ltr'><strong>societatis</strong></span> <span class='ocrx_word' id='word_1_55' title='bbox 1802 2305 1891 2372; x_wconf 88' lang='lat' dir='ltr'><strong>bono</strong></span> 
     </span>
     <span class='ocr_line' id='line_1_12' title="bbox 221 2384 1890 2486; baseline 0.005 -34"><span class='ocrx_word' id='word_1_56' title='bbox 221 2384 380 2468; x_wconf 86' lang='lat' dir='ltr'><strong>maritus,</strong></span> <span class='ocrx_word' id='word_1_57' title='bbox 402 2407 442 2454; x_wconf 87' lang='lat' dir='ltr'><strong>eo</strong></span> <span class='ocrx_word' id='word_1_58' title='bbox 465 2390 579 2456; x_wconf 83' lang='lat' dir='ltr'><strong>ma’ori</strong></span> <span class='ocrx_word' id='word_1_59' title='bbox 595 2389 812 2482; x_wconf 86' lang='lat' dir='ltr'><strong>digniorique</strong></span> <span class='ocrx_word' id='word_1_60' title='bbox 828 2390 897 2458; x_wconf 91' lang='lat' dir='ltr'><strong>loco</strong></span> <span class='ocrx_word' id='word_1_61' title='bbox 911 2389 954 2456; x_wconf 92' lang='lat' dir='ltr'><strong>ab</strong></span> <span class='ocrx_word' id='word_1_62' title='bbox 977 2389 1051 2456; x_wconf 91' lang='lat' dir='ltr'><strong>aliis</strong></span> <span class='ocrx_word' id='word_1_63' title='bbox 1072 2408 1271 2460; x_wconf 78' lang='lat' dir='ltr'><strong>censeretur.</strong></span> <span class='ocrx_word' id='word_1_64' title='bbox 1288 2393 1472 2486; x_wconf 83' lang='lat' dir='ltr'><strong>Eapropter</strong></span> <span class='ocrx_word' id='word_1_65' title='bbox 1494 2396 1606 2463; x_wconf 89' lang='lat' dir='ltr'><strong>necin</strong></span> <span class='ocrx_word' id='word_1_66' title='bbox 1623 2395 1763 2484; x_wconf 90' lang='lat' dir='ltr'><strong>imperio</strong></span> <span class='ocrx_word' id='word_1_67' title='bbox 1779 2411 1890 2460; x_wconf 87' lang='lat' dir='ltr'><strong>nostru</strong></span> 
     </span>
     <span class='ocr_line' id='line_1_13' title="bbox 218 2472 1938 2572; baseline 0.005 -32"><span class='ocrx_word' id='word_1_68' title='bbox 218 2472 423 2568; x_wconf 81' lang='lat' dir='ltr'><strong>dignitatum</strong></span> <span class='ocrx_word' id='word_1_69' title='bbox 447 2478 541 2544; x_wconf 87' lang='lat' dir='ltr'><strong>titui</strong></span> <span class='ocrx_word' id='word_1_70' title='bbox 564 2477 702 2548; x_wconf 84' lang='lat' dir='ltr'><strong>fortuito</strong></span> <span class='ocrx_word' id='word_1_71' title='bbox 725 2479 890 2572; x_wconf 81' lang='lat' dir='ltr'><strong>quendem</strong></span> <span class='ocrx_word' id='word_1_72' title='bbox 915 2478 1040 2562; x_wconf 90' lang='lat' dir='ltr'><strong>collati,</strong></span> <span class='ocrx_word' id='word_1_73' title='bbox 1063 2479 1120 2546; x_wconf 88' lang='lat' dir='ltr'><strong>aed</strong></span> <span class='ocrx_word' id='word_1_74' title='bbox 1143 2504 1203 2572; x_wconf 91' lang='lat' dir='ltr'><strong>pro</strong></span> <span class='ocrx_word' id='word_1_75' title='bbox 1224 2483 1351 2550; x_wconf 88' lang='lat' dir='ltr'><strong>ratione</strong></span> <span class='ocrx_word' id='word_1_76' title='bbox 1374 2477 1567 2552; x_wconf 77' lang='lat' dir='ltr'><strong>meritorum</strong></span> <span class='ocrx_word' id='word_1_77' title='bbox 1592 2485 1629 2551; x_wconf 91' lang='lat' dir='ltr'><strong>in</strong></span> <span class='ocrx_word' id='word_1_78' title='bbox 1652 2505 1754 2572; x_wconf 88' lang='lat' dir='ltr'><strong>remp.</strong></span> <span class='ocrx_word' id='word_1_79' title='bbox 1777 2482 1889 2564; x_wconf 86' lang='lat' dir='ltr'><strong>distri·</strong></span> <span class='ocrx_word' id='word_1_80' title='bbox 1936 2513 1938 2520; x_wconf 95' lang='lat'>·</span> 
     </span>
     <span class='ocr_line' id='line_1_14' title="bbox 218 2564 1891 2664; baseline 0.005 -34"><span class='ocrx_word' id='word_1_81' title='bbox 218 2565 304 2632; x_wconf 89' lang='lat' dir='ltr'><strong>buti.</strong></span> <span class='ocrx_word' id='word_1_82' title='bbox 329 2564 430 2634; x_wconf 84' lang='lat' dir='ltr'><strong>Unde</strong></span> <span class='ocrx_word' id='word_1_83' title='bbox 454 2566 666 2639; x_wconf 86' lang='lat' dir='ltr'><strong>haereditarii</strong></span> <span class='ocrx_word' id='word_1_84' title='bbox 688 2568 768 2648; x_wconf 80' lang='lat' dir='ltr'><strong>olirn</strong></span> <span class='ocrx_word' id='word_1_85' title='bbox 792 2593 861 2638; x_wconf 93' lang='lat' dir='ltr'><strong>non</strong></span> <span class='ocrx_word' id='word_1_86' title='bbox 883 2570 1022 2638; x_wconf 88' lang='lat' dir='ltr'><strong>suerunt</strong></span> <span class='ocrx_word' id='word_1_87' title='bbox 1044 2567 1207 2638; x_wconf 82' lang='lat' dir='ltr'><strong>honorum</strong></span> <span class='ocrx_word' id='word_1_88' title='bbox 1230 2573 1367 2662; x_wconf 88' lang='lat' dir='ltr'><strong>gradus,</strong></span> <span class='ocrx_word' id='word_1_89' title='bbox 1390 2571 1448 2641; x_wconf 88' lang='lat' dir='ltr'><strong>sed</strong></span> <span class='ocrx_word' id='word_1_90' title='bbox 1472 2593 1576 2641; x_wconf 89' lang='lat' dir='ltr'><strong>morte</strong></span> <span class='ocrx_word' id='word_1_91' title='bbox 1597 2574 1805 2664; x_wconf 83' lang='lat' dir='ltr'><strong>expirarunt,</strong></span> <span class='ocrx_word' id='word_1_92' title='bbox 1828 2595 1891 2638; x_wconf 85' lang='lat' dir='ltr'><strong>nec</strong></span> 
     </span>
     <span class='ocr_line' id='line_1_15' title="bbox 217 2653 1891 2769; baseline 0.002 -45"><span class='ocrx_word' id='word_1_93' title='bbox 217 2653 260 2724; x_wconf 86' lang='lat' dir='ltr'><strong>ad</strong></span> <span class='ocrx_word' id='word_1_94' title='bbox 292 2655 377 2722; x_wconf 90' lang='lat' dir='ltr'><strong>lilios</strong></span> <span class='ocrx_word' id='word_1_95' title='bbox 401 2657 499 2726; x_wconf 89' lang='lat' dir='ltr'><strong>aliter</strong></span> <span class='ocrx_word' id='word_1_96' title='bbox 522 2658 686 2742; x_wconf 79' lang='lat' dir='ltr'><strong>devoluti,</strong></span> <span class='ocrx_word' id='word_1_97' title='bbox 710 2683 809 2752; x_wconf 87' lang='lat' dir='ltr'><strong>qnam</strong></span> <span class='ocrx_word' id='word_1_98' title='bbox 834 2661 861 2728; x_wconf 91' lang='lat' dir='ltr'><strong>si</strong></span> <span class='ocrx_word' id='word_1_99' title='bbox 887 2660 1031 2751; x_wconf 89' lang='lat' dir='ltr'><strong>paternis</strong></span> <span class='ocrx_word' id='word_1_100' title='bbox 1056 2659 1245 2736; x_wconf 82' lang='lat' dir='ltr'><strong>insisterent</strong></span> <span class='ocrx_word' id='word_1_101' title='bbox 1266 2663 1427 2754; x_wconf 83' lang='lat' dir='ltr'><strong>vestigiis,</strong></span> <span class='ocrx_word' id='word_1_102' title='bbox 1449 2675 1482 2730; x_wconf 86' lang='lat' dir='ltr'><strong>et</strong></span> <span class='ocrx_word' id='word_1_103' title='bbox 1503 2681 1644 2769; x_wconf 40' lang='lat' dir='ltr'><strong>&#39;partum</strong></span> <span class='ocrx_word' id='word_1_104' title='bbox 1669 2683 1686 2728; x_wconf 90' lang='lat' dir='ltr'><strong>a</strong></span> <span class='ocrx_word' id='word_1_105' title='bbox 1710 2661 1891 2750; x_wconf 74' lang='lat' dir='ltr'><strong>majoribus</strong></span> 
     </span>
    </p>
   </div>
   <div class='ocr_carea' id='block_1_7' title="bbox 219 2744 2146 2844">
    <p class='ocr_par' dir='ltr' id='par_1_7' title="bbox 219 2744 2146 2844">
     <span class='ocr_line' id='line_1_16' title="bbox 219 2744 2146 2844; baseline 0.003 -34"><span class='ocrx_word' id='word_1_106' title='bbox 219 2744 401 2815; x_wconf 85' lang='lat' dir='ltr'><strong>decussus</strong></span> <span class='ocrx_word' id='word_1_107' title='bbox 426 2749 551 2816; x_wconf 82' lang='lat' dir='ltr'><strong>virtute</strong></span> <span class='ocrx_word' id='word_1_108' title='bbox 575 2760 753 2817; x_wconf 88' lang='lat' dir='ltr'><strong>tuerentur.</strong></span> <span class='ocrx_word' id='word_1_109' title='bbox 777 2749 1067 2840; x_wconf 78' lang='lat' dir='ltr'><strong>Quamvisautens</strong></span> <span class='ocrx_word' id='word_1_110' title='bbox 1091 2772 1238 2818; x_wconf 87' lang='lat' dir='ltr'><strong>successu</strong></span> <span class='ocrx_word' id='word_1_111' title='bbox 1262 2753 1418 2843; x_wconf 85' lang='lat' dir='ltr'><strong>temporis</strong></span> <span class='ocrx_word' id='word_1_112' title='bbox 1441 2753 1477 2818; x_wconf 91' lang='lat' dir='ltr'><strong>in</strong></span> <span class='ocrx_word' id='word_1_113' title='bbox 1502 2753 1642 2844; x_wconf 75' lang='lat' dir='ltr'><strong>imperio</strong></span> <span class='ocrx_word' id='word_1_114' title='bbox 1668 2773 1718 2818; x_wconf 87' lang='lat' dir='ltr'><strong>res</strong></span> <span class='ocrx_word' id='word_1_115' title='bbox 1738 2751 1833 2818; x_wconf 86' lang='lat' dir='ltr'><strong>aliter</strong></span> <span class='ocrx_word' id='word_1_116' title='bbox 1854 2773 1891 2816; x_wconf 86' lang='lat' dir='ltr'><strong>se</strong></span> <span class='ocrx_word' id='word_1_117' title='bbox 2008 2823 2009 2832; x_wconf 8' lang='grc' dir='ltr'>χ</span> <span class='ocrx_word' id='word_1_118' title='bbox 2141 2813 2146 2824; x_wconf 93' lang='grc'><em>,</em></span> 
     </span>
    </p>
   </div>
   <div class='ocr_carea' id='block_1_8' title="bbox 218 2833 1896 4108">
    <p class='ocr_par' dir='ltr' id='par_1_8' title="bbox 218 2833 1896 4108">
     <span class='ocr_line' id='line_1_17' title="bbox 218 2833 1891 2934; baseline 0.002 -32"><span class='ocrx_word' id='word_1_119' title='bbox 218 2833 341 2904; x_wconf 87' lang='lat' dir='ltr'><strong>habere</strong></span> <span class='ocrx_word' id='word_1_120' title='bbox 363 2837 523 2928; x_wconf 87' lang='lat' dir='ltr'><strong>coeperit,</strong></span> <span class='ocrx_word' id='word_1_121' title='bbox 554 2858 728 2931; x_wconf 85' lang='lat' dir='ltr'><strong>postquam</strong></span> <span class='ocrx_word' id='word_1_122' title='bbox 751 2863 790 2907; x_wconf 86' lang='lat' dir='ltr'><strong>er</strong></span> <span class='ocrx_word' id='word_1_123' title='bbox 823 2839 1048 2907; x_wconf 83' lang='lat' dir='ltr'><strong>munificentia</strong></span> <span class='ocrx_word' id='word_1_124' title='bbox 1079 2837 1331 2930; x_wconf 84' lang='lat' dir='ltr'><strong>imperatorum,</strong></span> <span class='ocrx_word' id='word_1_125' title='bbox 1354 2844 1547 2934; x_wconf 84' lang='lat' dir='ltr'><strong>praesertim</strong></span> <span class='ocrx_word' id='word_1_126' title='bbox 1576 2842 1819 2921; x_wconf 83' lang='lat' dir='ltr'><strong>saxonicorum,</strong></span> <span class='ocrx_word' id='word_1_127' title='bbox 1842 2840 1891 2906; x_wconf 92' lang='lat' dir='ltr'><strong>di-</strong></span> 
     </span>
     <span class='ocr_line' id='line_1_18' title="bbox 218 2927 1892 3022; baseline 0.002 -31"><span class='ocrx_word' id='word_1_128' title='bbox 218 2928 363 3016; x_wconf 85' lang='lat' dir='ltr'><strong>gnitates</strong></span> <span class='ocrx_word' id='word_1_129' title='bbox 385 2929 541 3021; x_wconf 89' lang='lat' dir='ltr'><strong>sanguini</strong></span> <span class='ocrx_word' id='word_1_130' title='bbox 566 2947 749 3016; x_wconf 85' lang='lat' dir='ltr'><strong>concessae,</strong></span> <span class='ocrx_word' id='word_1_131' title='bbox 772 2945 841 2996; x_wconf 86' lang='lat' dir='ltr'><strong>uon</strong></span> <span class='ocrx_word' id='word_1_132' title='bbox 864 2944 974 2997; x_wconf 88' lang='lat' dir='ltr'><strong>tamen</strong></span> <span class='ocrx_word' id='word_1_133' title='bbox 999 2927 1034 2993; x_wconf 92' lang='lat' dir='ltr'><strong>id</strong></span> <span class='ocrx_word' id='word_1_134' title='bbox 1056 2927 1127 2994; x_wconf 89' lang='lat' dir='ltr'><strong>sine</strong></span> <span class='ocrx_word' id='word_1_135' title='bbox 1149 2931 1275 2996; x_wconf 89' lang='lat' dir='ltr'><strong>ratione</strong></span> <span class='ocrx_word' id='word_1_136' title='bbox 1298 2933 1341 2997; x_wconf 91' lang='lat' dir='ltr'><strong>ab</strong></span> <span class='ocrx_word' id='word_1_137' title='bbox 1364 2931 1442 3022; x_wconf 86' lang='lat' dir='ltr'><strong>ipsis</strong></span> <span class='ocrx_word' id='word_1_138' title='bbox 1465 2930 1602 3012; x_wconf 79' lang='lat' dir='ltr'><strong>facturn,</strong></span> <span class='ocrx_word' id='word_1_139' title='bbox 1624 2930 1679 2998; x_wconf 91' lang='lat' dir='ltr'><strong>sed</strong></span> <span class='ocrx_word' id='word_1_140' title='bbox 1704 2931 1830 3020; x_wconf 87' lang='lat' dir='ltr'><strong>potius,</strong></span> <span class='ocrx_word' id='word_1_141' title='bbox 1853 2945 1892 2996; x_wconf 91' lang='lat' dir='ltr'><strong>ut</strong></span> 
     </span>
     <span class='ocr_line' id='line_1_19' title="bbox 218 3017 1894 3112; baseline -0.001 -26"><span class='ocrx_word' id='word_1_142' title='bbox 218 3017 323 3086; x_wconf 71' lang='lat' dir='ltr'><strong>calon</strong></span> <span class='ocrx_word' id='word_1_143' title='bbox 345 3017 506 3086; x_wconf 75' lang='lat' dir='ltr'><strong>adderent</strong></span> <span class='ocrx_word' id='word_1_144' title='bbox 529 3017 622 3100; x_wconf 84' lang='lat' dir='ltr'><strong>filiis,</strong></span> <span class='ocrx_word' id='word_1_145' title='bbox 639 3043 683 3086; x_wconf 90' lang='lat' dir='ltr'><strong>ne</strong></span> <span class='ocrx_word' id='word_1_146' title='bbox 696 3030 873 3086; x_wconf 79' lang='lat' dir='ltr'><strong>cannatum</strong></span> <span class='ocrx_word' id='word_1_147' title='bbox 897 3019 996 3086; x_wconf 88' lang='lat' dir='ltr'><strong>decus</strong></span> <span class='ocrx_word' id='word_1_148' title='bbox 1019 3017 1209 3106; x_wconf 88' lang='lat' dir='ltr'><strong>turpissimo</strong></span> <span class='ocrx_word' id='word_1_149' title='bbox 1231 3019 1366 3086; x_wconf 76' lang='lat' dir='ltr'><strong>airaudi</strong></span> <span class='ocrx_word' id='word_1_150' title='bbox 1390 3043 1509 3112; x_wconf 81' lang='lat' dir='ltr'><strong>genere</strong></span> <span class='ocrx_word' id='word_1_151' title='bbox 1531 3019 1769 3112; x_wconf 81' lang='lat' dir='ltr'><strong>inquinarent,</strong></span> <span class='ocrx_word' id='word_1_152' title='bbox 1784 3019 1894 3085; x_wconf 88' lang='lat' dir='ltr'><strong>omni·</strong></span> 
     </span>
     <span class='ocr_line' id='line_1_20' title="bbox 220 3105 1892 3200; baseline 0.001 -26"><span class='ocrx_word' id='word_1_153' title='bbox 220 3129 290 3196; x_wconf 85' lang='lat' dir='ltr'><strong>que</strong></span> <span class='ocrx_word' id='word_1_154' title='bbox 311 3111 424 3178; x_wconf 91' lang='lat' dir='ltr'><strong>studio</strong></span> <span class='ocrx_word' id='word_1_155' title='bbox 442 3110 483 3178; x_wconf 72' lang='lat' dir='ltr'><strong>‘in</strong></span> <span class='ocrx_word' id='word_1_156' title='bbox 503 3109 566 3176; x_wconf 81' lang='lat' dir='ltr'><strong>lanc</strong></span> <span class='ocrx_word' id='word_1_157' title='bbox 589 3107 813 3192; x_wconf 84' lang='lat' dir='ltr'><strong>eniterentur,</strong></span> <span class='ocrx_word' id='word_1_158' title='bbox 830 3122 876 3198; x_wconf 74' lang='lat' dir='ltr'><strong>ut</strong></span> <span class='ocrx_word' id='word_1_159' title='bbox 907 3107 957 3176; x_wconf 89' lang='lat' dir='ltr'><strong>de&#39;</strong></span> <span class='ocrx_word' id='word_1_160' title='bbox 972 3130 1043 3200; x_wconf 86' lang='lat' dir='ltr'><strong>rep.</strong></span> <span class='ocrx_word' id='word_1_161' title='bbox 1071 3109 1193 3198; x_wconf 87' lang='lat' dir='ltr'><strong>pariter</strong></span> <span class='ocrx_word' id='word_1_162' title='bbox 1216 3105 1301 3175; x_wconf 89' lang='lat' dir='ltr'><strong>bene</strong></span> <span class='ocrx_word' id='word_1_163' title='bbox 1325 3110 1442 3176; x_wconf 86' lang='lat' dir='ltr'><strong>mereri</strong></span> <span class='ocrx_word' id='word_1_164' title='bbox 1467 3123 1611 3200; x_wconf 84' lang='lat' dir='ltr'><strong>possent.</strong></span> <span class='ocrx_word' id='word_1_165' title='bbox 1635 3107 1731 3200; x_wconf 84' lang='lat' dir='ltr'><strong>Quae</strong></span> <span class='ocrx_word' id='word_1_166' title='bbox 1761 3111 1892 3176; x_wconf 87' lang='lat' dir='ltr'><strong>merito-</strong></span> 
     </span>
     <span class='ocr_line' id='line_1_21' title="bbox 223 3195 1893 3292; baseline 0.002 -30"><span class='ocrx_word' id='word_1_167' title='bbox 223 3219 297 3264; x_wconf 89' lang='lat' dir='ltr'><strong>rum</strong></span> <span class='ocrx_word' id='word_1_168' title='bbox 316 3201 406 3267; x_wconf 82' lang='lat' dir='ltr'><strong>ratio</strong></span> <span class='ocrx_word' id='word_1_169' title='bbox 430 3211 517 3267; x_wconf 90' lang='lat' dir='ltr'><strong>tanta</strong></span> <span class='ocrx_word' id='word_1_170' title='bbox 543 3199 648 3268; x_wconf 87' lang='lat' dir='ltr'><strong>adhuc</strong></span> <span class='ocrx_word' id='word_1_171' title='bbox 670 3202 707 3267; x_wconf 90' lang='lat' dir='ltr'><strong>in</strong></span> <span class='ocrx_word' id='word_1_172' title='bbox 730 3202 872 3292; x_wconf 89' lang='lat' dir='ltr'><strong>imperio</strong></span> <span class='ocrx_word' id='word_1_173' title='bbox 892 3211 959 3280; x_wconf 88' lang='lat' dir='ltr'><strong>cst,</strong></span> <span class='ocrx_word' id='word_1_174' title='bbox 981 3216 1021 3264; x_wconf 88' lang='lat' dir='ltr'><strong>ut</strong></span> <span class='ocrx_word' id='word_1_175' title='bbox 1044 3195 1174 3286; x_wconf 86' lang='lat' dir='ltr'><strong>publica</strong></span> <span class='ocrx_word' id='word_1_176' title='bbox 1195 3198 1344 3288; x_wconf 86' lang='lat' dir='ltr'><strong>pactione</strong></span> <span class='ocrx_word' id='word_1_177' title='bbox 1367 3195 1544 3266; x_wconf 89' lang='lat' dir='ltr'><strong>adstrictus</strong></span> <span class='ocrx_word' id='word_1_178' title='bbox 1566 3199 1608 3267; x_wconf 89' lang='lat' dir='ltr'><strong>sit</strong></span> <span class='ocrx_word' id='word_1_179' title='bbox 1630 3199 1827 3290; x_wconf 91' lang='lat' dir='ltr'><strong>imperator,</strong></span> <span class='ocrx_word' id='word_1_180' title='bbox 1850 3199 1893 3266; x_wconf 87' lang='lat' dir='ltr'><strong>dc</strong></span> 
     </span>
     <span class='ocr_line' id='line_1_22' title="bbox 221 3283 1892 3378; baseline 0.002 -28"><span class='ocrx_word' id='word_1_181' title='bbox 221 3283 445 3378; x_wconf 83' lang='lat' dir='ltr'><strong>dignitatibus</strong></span> <span class='ocrx_word' id='word_1_182' title='bbox 469 3289 654 3360; x_wconf 88' lang='lat' dir='ltr'><strong>illustribus</strong></span> <span class='ocrx_word' id='word_1_183' title='bbox 676 3291 804 3358; x_wconf 88' lang='lat' dir='ltr'><strong>nemini</strong></span> <span class='ocrx_word' id='word_1_184' title='bbox 829 3287 1055 3366; x_wconf 86' lang='lat' dir='ltr'><strong>conserendis,</strong></span> <span class='ocrx_word' id='word_1_185' title='bbox 1072 3286 1137 3352; x_wconf 90' lang='lat' dir='ltr'><strong>nisi</strong></span> <span class='ocrx_word' id='word_1_186' title='bbox 1180 3287 1214 3353; x_wconf 93' lang='lat' dir='ltr'><strong>ui</strong></span> <span class='ocrx_word' id='word_1_187' title='bbox 1239 3289 1472 3378; x_wconf 86' lang='lat' dir='ltr'><strong>praecaeteris</strong></span> <span class='ocrx_word' id='word_1_188' title='bbox 1496 3289 1581 3355; x_wconf 88' lang='lat' dir='ltr'><strong>bene</strong></span> <span class='ocrx_word' id='word_1_189' title='bbox 1605 3291 1744 3356; x_wconf 86' lang='lat' dir='ltr'><strong>meritus</strong></span> <span class='ocrx_word' id='word_1_190' title='bbox 1766 3287 1807 3354; x_wconf 88' lang='lat' dir='ltr'><strong>de</strong></span> <span class='ocrx_word' id='word_1_191' title='bbox 1830 3287 1892 3354; x_wconf 89' lang='lat' dir='ltr'><strong>im·</strong></span> 
     </span>
     <span class='ocr_line' id='line_1_23' title="bbox 222 3312 1894 3485; baseline 0 -41"><span class='ocrx_word' id='word_1_192' title='bbox 222 3377 316 3466; x_wconf 87' lang='lat' dir='ltr'><strong>perio</strong></span> <span class='ocrx_word' id='word_1_193' title='bbox 339 3379 454 3449; x_wconf 81' lang='lat' dir='ltr'><strong>fuerit.</strong></span> <span class='ocrx_word' id='word_1_194' title='bbox 478 3382 566 3451; x_wconf 86' lang='lat' dir='ltr'><strong>Cum</strong></span> <span class='ocrx_word' id='word_1_195' title='bbox 588 3394 700 3446; x_wconf 87' lang='lat' dir='ltr'><strong>autem</strong></span> <span class='ocrx_word' id='word_1_196' title='bbox 717 3380 846 3473; x_wconf 49' lang='lat' dir='ltr'><strong>¹occasio</strong></span> <span class='ocrx_word' id='word_1_197' title='bbox 868 3380 955 3448; x_wconf 88' lang='lat' dir='ltr'><strong>bene</strong></span> <span class='ocrx_word' id='word_1_198' title='bbox 977 3374 1125 3444; x_wconf 85' lang='lat' dir='ltr'><strong>merendi</strong></span> <span class='ocrx_word' id='word_1_199' title='bbox 1149 3312 1222 3444; x_wconf 67' lang='lat' dir='ltr'><strong>ediis</strong></span> <span class='ocrx_word' id='word_1_200' title='bbox 1244 3380 1348 3485; x_wconf 87' lang='lat' dir='ltr'><strong>majos·</strong></span> <span class='ocrx_word' id='word_1_201' title='bbox 1370 3401 1465 3468; x_wconf 85' lang='lat' dir='ltr'><strong>saepe</strong></span> <span class='ocrx_word' id='word_1_202' title='bbox 1480 3394 1603 3470; x_wconf 85' lang='lat' dir='ltr'><strong>pateat,</strong></span> <span class='ocrx_word' id='word_1_203' title='bbox 1618 3375 1694 3446; x_wconf 86' lang='lat' dir='ltr'><strong>aliis</strong></span> <span class='ocrx_word' id='word_1_204' title='bbox 1718 3375 1844 3458; x_wconf 89' lang='lat' dir='ltr'><strong>minor,</strong></span> <span class='ocrx_word' id='word_1_205' title='bbox 1858 3393 1894 3444; x_wconf 91' lang='lat' dir='ltr'><strong>et</strong></span> 
     </span>
     <span class='ocr_line' id='line_1_24' title="bbox 226 3463 1893 3565; baseline 0 -33"><span class='ocrx_word' id='word_1_206' title='bbox 226 3469 341 3536; x_wconf 89' lang='lat' dir='ltr'><strong>munia</strong></span> <span class='ocrx_word' id='word_1_207' title='bbox 365 3492 505 3565; x_wconf 85' lang='lat' dir='ltr'><strong>quoque</strong></span> <span class='ocrx_word' id='word_1_208' title='bbox 528 3470 602 3554; x_wconf 90' lang='lat' dir='ltr'><strong>illa,</strong></span> <span class='ocrx_word' id='word_1_209' title='bbox 626 3493 713 3564; x_wconf 87' lang='lat' dir='ltr'><strong>quae</strong></span> <span class='ocrx_word' id='word_1_210' title='bbox 736 3469 772 3539; x_wconf 88' lang='lat' dir='ltr'><strong>in</strong></span> <span class='ocrx_word' id='word_1_211' title='bbox 791 3487 868 3560; x_wconf 84' lang='lat' dir='ltr'><strong>rap.</strong></span> <span class='ocrx_word' id='word_1_212' title='bbox 891 3467 1082 3549; x_wconf 88' lang='lat' dir='ltr'><strong>subeunda,</strong></span> <span class='ocrx_word' id='word_1_213' title='bbox 1104 3463 1168 3532; x_wconf 87' lang='lat' dir='ltr'><strong>alia</strong></span> <span class='ocrx_word' id='word_1_214' title='bbox 1191 3465 1264 3534; x_wconf 91' lang='lat' dir='ltr'><strong>aliis</strong></span> <span class='ocrx_word' id='word_1_215' title='bbox 1293 3467 1472 3536; x_wconf 75' lang='lat' dir='ltr'><strong>illustriora</strong></span> <span class='ocrx_word' id='word_1_216' title='bbox 1500 3469 1585 3551; x_wconf 90' lang='lat' dir='ltr'><strong>sint,</strong></span> <span class='ocrx_word' id='word_1_217' title='bbox 1607 3467 1685 3534; x_wconf 84' lang='lat' dir='ltr'><strong>inda</strong></span> <span class='ocrx_word' id='word_1_218' title='bbox 1714 3463 1832 3534; x_wconf 88' lang='lat' dir='ltr'><strong>ordine</strong></span> <span class='ocrx_word' id='word_1_219' title='bbox 1854 3464 1893 3532; x_wconf 92' lang='lat' dir='ltr'><strong>in</strong></span> 
     </span>
     <span class='ocr_line' id='line_1_25' title="bbox 224 3552 1896 3646; baseline 0.001 -25"><span class='ocrx_word' id='word_1_220' title='bbox 224 3552 463 3629; x_wconf 84' lang='lat' dir='ltr'><strong>distribuendis</strong></span> <span class='ocrx_word' id='word_1_221' title='bbox 486 3561 669 3630; x_wconf 84' lang='lat' dir='ltr'><strong>bonoribus</strong></span> <span class='ocrx_word' id='word_1_222' title='bbox 693 3558 856 3633; x_wconf 88' lang='lat' dir='ltr'><strong>utendum</strong></span> <span class='ocrx_word' id='word_1_223' title='bbox 879 3557 967 3642; x_wconf 87' lang='lat' dir='ltr'><strong>suit,</strong></span> <span class='ocrx_word' id='word_1_224' title='bbox 990 3575 1028 3626; x_wconf 90' lang='lat' dir='ltr'><strong>ut</strong></span> <span class='ocrx_word' id='word_1_225' title='bbox 1050 3557 1286 3646; x_wconf 85' lang='lat' dir='ltr'><strong>unusquisque</strong></span> <span class='ocrx_word' id='word_1_226' title='bbox 1307 3559 1456 3626; x_wconf 87' lang='lat' dir='ltr'><strong>stationis</strong></span> <span class='ocrx_word' id='word_1_227' title='bbox 1476 3581 1555 3626; x_wconf 89' lang='lat' dir='ltr'><strong>snae</strong></span> <span class='ocrx_word' id='word_1_228' title='bbox 1577 3575 1610 3626; x_wconf 91' lang='lat' dir='ltr'><strong>et</strong></span> <span class='ocrx_word' id='word_1_229' title='bbox 1631 3555 1832 3646; x_wconf 84' lang='lat' dir='ltr'><strong>dignationis</strong></span> <span class='ocrx_word' id='word_1_230' title='bbox 1855 3555 1896 3622; x_wconf 90' lang='lat' dir='ltr'><strong>in</strong></span> 
     </span>
     <span class='ocr_line' id='line_1_26' title="bbox 221 3643 1896 3810; baseline -0.001 -10"><span class='ocrx_word' id='word_1_231' title='bbox 221 3651 652 3810; x_wconf 63' lang='lat' dir='ltr'><strong>iii..i‘³ii¹‘.i.iii²‘³i’</strong></span> <span class='ocrx_word' id='word_1_232' title='bbox 676 3653 801 3806; x_wconf 57' lang='lat' dir='ltr'><strong>llll.</strong></span> <span class='ocrx_word' id='word_1_233' title='bbox 818 3645 1102 3808; x_wconf 51' lang='lat' dir='ltr'><strong>illidii}</strong></span> <span class='ocrx_word' id='word_1_234' title='bbox 1118 3644 1258 3804; x_wconf 71' lang='lat' dir='ltr'><strong>‘ltttt</strong></span> <span class='ocrx_word' id='word_1_235' title='bbox 1274 3644 1812 3808; x_wconf 64' lang='lat' dir='ltr'><strong>lil.i³².i¹sii.⁰.ii.⁰⁶·‘b‘i‘.ii</strong></span> <span class='ocrx_word' id='word_1_236' title='bbox 1835 3643 1896 3800; x_wconf 72' lang='lat' dir='ltr'><strong>lt:</strong></span> 
     </span>
     <span class='ocr_line' id='line_1_27' title="bbox 228 3757 1895 3984; baseline 0.002 -94"><span class='ocrx_word' id='word_1_237' title='bbox 228 3823 365 3911; x_wconf 88' lang='lat' dir='ltr'><strong>lubuit,</strong></span> <span class='ocrx_word' id='word_1_238' title='bbox 389 3763 455 3896; x_wconf 59' lang='lat' dir='ltr'><strong>niu</strong></span> <span class='ocrx_word' id='word_1_239' title='bbox 473 3853 576 3898; x_wconf 80' lang='lat' dir='ltr'><strong>ranae</strong></span> <span class='ocrx_word' id='word_1_240' title='bbox 593 3762 948 3912; x_wconf 49' lang='lat' dir='ltr'><strong>tistiltlationisibausa,</strong></span> <span class='ocrx_word' id='word_1_241' title='bbox 962 3851 981 3894; x_wconf 92' lang='lat' dir='ltr'><strong>a</strong></span> <span class='ocrx_word' id='word_1_242' title='bbox 991 3759 1065 3984; x_wconf 67' lang='lat' dir='ltr'><strong>¹qpuo</strong></span> <span class='ocrx_word' id='word_1_243' title='bbox 1079 3757 1217 3894; x_wconf 61' lang='lat' dir='ltr'><strong>oriseniuo</strong></span> <span class='ocrx_word' id='word_1_244' title='bbox 1231 3825 1362 3895; x_wconf 90' lang='lat' dir='ltr'><strong>alienus</strong></span> <span class='ocrx_word' id='word_1_245' title='bbox 1375 3849 1463 3907; x_wconf 87' lang='lat' dir='ltr'><strong>sum,</strong></span> <span class='ocrx_word' id='word_1_246' title='bbox 1476 3827 1534 3895; x_wconf 84' lang='lat' dir='ltr'><strong>se&#39;d</strong></span> <span class='ocrx_word' id='word_1_247' title='bbox 1551 3845 1588 3894; x_wconf 89' lang='lat' dir='ltr'><strong>ut</strong></span> <span class='ocrx_word' id='word_1_248' title='bbox 1602 3759 1895 3904; x_wconf 51' lang='lat' dir='ltr'><strong>ascindererufme</strong></span> 
     </span>
     <span class='ocr_line' id='line_1_28' title="bbox 225 3913 1896 4006; baseline 0 -26"><span class='ocrx_word' id='word_1_249' title='bbox 225 3917 318 3982; x_wconf 86' lang='lat' dir='ltr'><strong>omni</strong></span> <span class='ocrx_word' id='word_1_250' title='bbox 334 3918 445 3986; x_wconf 90' lang='lat' dir='ltr'><strong>studio</strong></span> <span class='ocrx_word' id='word_1_251' title='bbox 460 3919 495 3985; x_wconf 92' lang='lat' dir='ltr'><strong>in</strong></span> <span class='ocrx_word' id='word_1_252' title='bbox 512 3919 572 3992; x_wconf 89' lang='lat' dir='ltr'><strong>hoc</strong></span> <span class='ocrx_word' id='word_1_253' title='bbox 589 3919 796 4002; x_wconf 80' lang='lat' dir='ltr'><strong>incumbere,</strong></span> <span class='ocrx_word' id='word_1_254' title='bbox 811 3918 990 3988; x_wconf 80' lang='lat' dir='ltr'><strong>utdecnai</strong></span> <span class='ocrx_word' id='word_1_255' title='bbox 1017 3914 1061 3984; x_wconf 91' lang='lat' dir='ltr'><strong>ud</strong></span> <span class='ocrx_word' id='word_1_256' title='bbox 1076 3914 1224 3996; x_wconf 88' lang='lat' dir='ltr'><strong>illustre,</strong></span> <span class='ocrx_word' id='word_1_257' title='bbox 1247 3914 1336 4006; x_wconf 92' lang='lat' dir='ltr'><strong>quod</strong></span> <span class='ocrx_word' id='word_1_258' title='bbox 1361 3917 1538 4006; x_wconf 82' lang='lat' dir='ltr'><strong>majoribus</strong></span> <span class='ocrx_word' id='word_1_259' title='bbox 1552 3913 1633 3984; x_wconf 82' lang='lat' dir='ltr'><strong>meis</strong></span> <span class='ocrx_word' id='word_1_260' title='bbox 1646 3939 1685 3984; x_wconf 87' lang='lat' dir='ltr'><strong>ex</strong></span> <span class='ocrx_word' id='word_1_261' title='bbox 1707 3913 1819 3980; x_wconf 81' lang='lat' dir='ltr'><strong>diviua</strong></span> <span class='ocrx_word' id='word_1_262' title='bbox 1837 3915 1896 3980; x_wconf 88' lang='lat' dir='ltr'><strong>be·</strong></span> 
     </span>
     <span class='ocr_line' id='line_1_29' title="bbox 225 4003 1894 4108; baseline -0.002 -37"><span class='ocrx_word' id='word_1_263' title='bbox 225 4003 390 4108; x_wconf 84' lang='lat' dir='ltr'><strong>nignitate</strong></span> <span class='ocrx_word' id='word_1_264' title='bbox 404 4019 437 4075; x_wconf 88' lang='lat' dir='ltr'><strong>et</strong></span> <span class='ocrx_word' id='word_1_265' title='bbox 451 4031 616 4082; x_wconf 76' lang='lat' dir='ltr'><strong>caesaram</strong></span> <span class='ocrx_word' id='word_1_266' title='bbox 630 4007 806 4078; x_wconf 85' lang='lat' dir='ltr'><strong>clementia</strong></span> <span class='ocrx_word' id='word_1_267' title='bbox 821 4030 1023 4087; x_wconf 83' lang='lat' dir='ltr'><strong>concessum,</strong></span> <span class='ocrx_word' id='word_1_268' title='bbox 1038 4005 1065 4072; x_wconf 93' lang='lat' dir='ltr'><strong>si</strong></span> <span class='ocrx_word' id='word_1_269' title='bbox 1088 4025 1156 4070; x_wconf 88' lang='lat' dir='ltr'><strong>non</strong></span> <span class='ocrx_word' id='word_1_270' title='bbox 1177 4021 1302 4094; x_wconf 80' lang='lat' dir='ltr'><strong>raguta,</strong></span> <span class='ocrx_word' id='word_1_271' title='bbox 1318 4015 1424 4095; x_wconf 87' lang='lat' dir='ltr'><strong>togata</strong></span> <span class='ocrx_word' id='word_1_272' title='bbox 1443 4019 1552 4071; x_wconf 86' lang='lat' dir='ltr'><strong>tamen</strong></span> <span class='ocrx_word' id='word_1_273' title='bbox 1575 4003 1695 4071; x_wconf 88' lang='lat' dir='ltr'><strong>militia</strong></span> <span class='ocrx_word' id='word_1_274' title='bbox 1717 4015 1845 4084; x_wconf 87' lang='lat' dir='ltr'><strong>tuerer,</strong></span> <span class='ocrx_word' id='word_1_275' title='bbox 1860 4011 1894 4069; x_wconf 85' lang='lat' dir='ltr'><strong>et</strong></span> 
     </span>
    </p>
   </div>
   <div class='ocr_carea' id='block_1_9' title="bbox 225 4091 2043 4190">
    <p class='ocr_par' dir='ltr' id='par_1_9' title="bbox 225 4091 2043 4190">
     <span class='ocr_line' id='line_1_30' title="bbox 225 4091 2043 4190; baseline -0.001 -32"><span class='ocrx_word' id='word_1_276' title='bbox 225 4091 293 4161; x_wconf 86' lang='lat' dir='ltr'><strong>illrs</strong></span> <span class='ocrx_word' id='word_1_277' title='bbox 308 4097 405 4164; x_wconf 88' lang='lat' dir='ltr'><strong>ssmul</strong></span> <span class='ocrx_word' id='word_1_278' title='bbox 414 4147 424 4178; x_wconf 93' lang='lat'><strong>,</strong></span> <span class='ocrx_word' id='word_1_279' title='bbox 440 4122 458 4165; x_wconf 89' lang='lat' dir='ltr'><strong>a</strong></span> <span class='ocrx_word' id='word_1_280' title='bbox 474 4120 620 4190; x_wconf 89' lang='lat' dir='ltr'><strong>qnorum</strong></span> <span class='ocrx_word' id='word_1_281' title='bbox 637 4118 723 4167; x_wconf 89' lang='lat' dir='ltr'><strong>nutu</strong></span> <span class='ocrx_word' id='word_1_282' title='bbox 738 4119 811 4166; x_wconf 84' lang='lat' dir='ltr'><strong>mea</strong></span> <span class='ocrx_word' id='word_1_283' title='bbox 827 4095 1016 4190; x_wconf 85' lang='lat' dir='ltr'><strong>dependent</strong></span> <span class='ocrx_word' id='word_1_284' title='bbox 1031 4092 1157 4171; x_wconf 91' lang='lat' dir='ltr'><strong>studia,</strong></span> <span class='ocrx_word' id='word_1_285' title='bbox 1177 4094 1336 4160; x_wconf 89' lang='lat' dir='ltr'><strong>rationem</strong></span> <span class='ocrx_word' id='word_1_286' title='bbox 1353 4091 1540 4176; x_wconf 79' lang='lat' dir='ltr'><strong>redderem,</strong></span> <span class='ocrx_word' id='word_1_287' title='bbox 1561 4115 1630 4186; x_wconf 91' lang='lat' dir='ltr'><strong>quo</strong></span> <span class='ocrx_word' id='word_1_288' title='bbox 1653 4111 1744 4184; x_wconf 87' lang='lat' dir='ltr'><strong>pacto</strong></span> <span class='ocrx_word' id='word_1_289' title='bbox 1766 4107 1897 4182; x_wconf 80' lang='lat' dir='ltr'><strong>ternpus</strong></span> <span class='ocrx_word' id='word_1_290' title='bbox 2037 4093 2043 4102; x_wconf 87' lang='lat'>&#39;</span> 
     </span>
    </p>
   </div>
   <div class='ocr_carea' id='block_1_10' title="bbox 171 4179 1994 4911">
    <p class='ocr_par' dir='ltr' id='par_1_10' title="bbox 171 4179 1994 4820">
     <span class='ocr_line' id='line_1_31' title="bbox 171 4179 1897 4280; baseline 0 -32"><span class='ocrx_word' id='word_1_291' title='bbox 171 4199 174 4204; x_wconf 83' lang='lat'>&#39;</span> <span class='ocrx_word' id='word_1_292' title='bbox 226 4181 262 4249; x_wconf 90' lang='lat' dir='ltr'><strong>in</strong></span> <span class='ocrx_word' id='word_1_293' title='bbox 283 4185 443 4254; x_wconf 85' lang='lat' dir='ltr'><strong>academia</strong></span> <span class='ocrx_word' id='word_1_294' title='bbox 465 4188 525 4255; x_wconf 91' lang='lat' dir='ltr'><strong>bac</strong></span> <span class='ocrx_word' id='word_1_295' title='bbox 545 4187 755 4258; x_wconf 81' lang='lat' dir='ltr'><strong>fridericiana</strong></span> <span class='ocrx_word' id='word_1_296' title='bbox 774 4185 946 4280; x_wconf 86' lang='lat' dir='ltr'><strong>hucusque</strong></span> <span class='ocrx_word' id='word_1_297' title='bbox 971 4182 1196 4276; x_wconf 85' lang='lat' dir='ltr'><strong>transegerint.</strong></span> <span class='ocrx_word' id='word_1_298' title='bbox 1225 4181 1315 4249; x_wconf 80' lang='lat' dir='ltr'><strong>Hinc</strong></span> <span class='ocrx_word' id='word_1_299' title='bbox 1335 4181 1448 4250; x_wconf 91' lang='lat' dir='ltr'><strong>nullus</strong></span> <span class='ocrx_word' id='word_1_300' title='bbox 1472 4183 1606 4265; x_wconf 90' lang='lat' dir='ltr'><strong>dubito,</strong></span> <span class='ocrx_word' id='word_1_301' title='bbox 1631 4179 1830 4250; x_wconf 81' lang='lat' dir='ltr'><strong>benevolum</strong></span> <span class='ocrx_word' id='word_1_302' title='bbox 1854 4183 1897 4248; x_wconf 91' lang='lat' dir='ltr'><strong>le·</strong></span> 
     </span>
     <span class='ocr_line' id='line_1_32' title="bbox 225 4270 1894 4366; baseline -0.001 -26"><span class='ocrx_word' id='word_1_303' title='bbox 225 4285 345 4341; x_wconf 88' lang='lat' dir='ltr'><strong>ctorem</strong></span> <span class='ocrx_word' id='word_1_304' title='bbox 361 4289 497 4344; x_wconf 91' lang='lat' dir='ltr'><strong>conatus</strong></span> <span class='ocrx_word' id='word_1_305' title='bbox 514 4278 572 4346; x_wconf 90' lang='lat' dir='ltr'><strong>hos</strong></span> <span class='ocrx_word' id='word_1_306' title='bbox 589 4303 677 4347; x_wconf 85' lang='lat' dir='ltr'><strong>meos</strong></span> <span class='ocrx_word' id='word_1_307' title='bbox 699 4301 766 4346; x_wconf 90' lang='lat' dir='ltr'><strong>non</strong></span> <span class='ocrx_word' id='word_1_308' title='bbox 789 4276 874 4344; x_wconf 89' lang='lat' dir='ltr'><strong>male</strong></span> <span class='ocrx_word' id='word_1_309' title='bbox 893 4297 1080 4355; x_wconf 85' lang='lat' dir='ltr'><strong>versurum,</strong></span> <span class='ocrx_word' id='word_1_310' title='bbox 1093 4271 1151 4339; x_wconf 88' lang='lat' dir='ltr'><strong>sed</strong></span> <span class='ocrx_word' id='word_1_311' title='bbox 1174 4294 1234 4362; x_wconf 86' lang='lat' dir='ltr'><strong>pro</strong></span> <span class='ocrx_word' id='word_1_312' title='bbox 1253 4270 1394 4340; x_wconf 88' lang='lat' dir='ltr'><strong>candore</strong></span> <span class='ocrx_word' id='word_1_313' title='bbox 1414 4295 1475 4339; x_wconf 91' lang='lat' dir='ltr'><strong>suo</strong></span> <span class='ocrx_word' id='word_1_314' title='bbox 1496 4273 1640 4366; x_wconf 89' lang='lat' dir='ltr'><strong>benigue</strong></span> <span class='ocrx_word' id='word_1_315' title='bbox 1660 4272 1894 4360; x_wconf 88' lang='lat' dir='ltr'><strong>interpretatu·</strong></span> 
     </span>
     <span class='ocr_line' id='line_1_33' title="bbox 226 4360 1896 4461; baseline -0.002 -33"><span class='ocrx_word' id='word_1_316' title='bbox 226 4385 315 4429; x_wconf 88' lang='lat' dir='ltr'><strong>rum.</strong></span> <span class='ocrx_word' id='word_1_317' title='bbox 348 4363 478 4434; x_wconf 78' lang='lat' dir='ltr'><strong>Nullius</strong></span> <span class='ocrx_word' id='word_1_318' title='bbox 508 4371 574 4460; x_wconf 88' lang='lat' dir='ltr'><strong>juri</strong></span> <span class='ocrx_word' id='word_1_319' title='bbox 603 4369 781 4461; x_wconf 86' lang='lat' dir='ltr'><strong>quicquam</strong></span> <span class='ocrx_word' id='word_1_320' title='bbox 815 4367 1002 4434; x_wconf 87' lang='lat' dir='ltr'><strong>detractum</strong></span> <span class='ocrx_word' id='word_1_321' title='bbox 1031 4362 1123 4445; x_wconf 81' lang='lat' dir='ltr'><strong>solo,</strong></span> <span class='ocrx_word' id='word_1_322' title='bbox 1145 4361 1199 4430; x_wconf 86' lang='lat' dir='ltr'><strong>sed</strong></span> <span class='ocrx_word' id='word_1_323' title='bbox 1222 4385 1309 4453; x_wconf 91' lang='lat' dir='ltr'><strong>quae</strong></span> <span class='ocrx_word' id='word_1_324' title='bbox 1333 4361 1385 4428; x_wconf 92' lang='lat' dir='ltr'><strong>bic</strong></span> <span class='ocrx_word' id='word_1_325' title='bbox 1409 4361 1589 4430; x_wconf 85' lang='lat' dir='ltr'><strong>baronibus</strong></span> <span class='ocrx_word' id='word_1_326' title='bbox 1613 4360 1777 4430; x_wconf 85' lang='lat' dir='ltr'><strong>vindicata</strong></span> <span class='ocrx_word' id='word_1_327' title='bbox 1800 4373 1896 4446; x_wconf 85' lang='lat' dir='ltr'><strong>sunt,</strong></span> 
     </span>
     <span class='ocr_line' id='line_1_34' title="bbox 226 4449 1897 4554; baseline -0.002 -36"><span class='ocrx_word' id='word_1_328' title='bbox 226 4451 328 4522; x_wconf 86' lang='lat' dir='ltr'><strong>ductu</strong></span> <span class='ocrx_word' id='word_1_329' title='bbox 351 4455 561 4545; x_wconf 85' lang='lat' dir='ltr'><strong>publicarum</strong></span> <span class='ocrx_word' id='word_1_330' title='bbox 586 4461 631 4525; x_wconf 90' lang='lat' dir='ltr'><strong>irn</strong></span> <span class='ocrx_word' id='word_1_331' title='bbox 676 4459 718 4525; x_wconf 88' lang='lat' dir='ltr'><strong>rii</strong></span> <span class='ocrx_word' id='word_1_332' title='bbox 742 4459 869 4554; x_wconf 84' lang='lat' dir='ltr'><strong>legum,</strong></span> <span class='ocrx_word' id='word_1_333' title='bbox 892 4467 950 4523; x_wconf 89' lang='lat' dir='ltr'><strong>aut</strong></span> <span class='ocrx_word' id='word_1_334' title='bbox 971 4466 1059 4522; x_wconf 86' lang='lat' dir='ltr'><strong>certe</strong></span> <span class='ocrx_word' id='word_1_335' title='bbox 1080 4471 1274 4544; x_wconf 83' lang='lat' dir='ltr'><strong>argumento</strong></span> <span class='ocrx_word' id='word_1_336' title='bbox 1298 4449 1429 4518; x_wconf 90' lang='lat' dir='ltr'><strong>illarum</strong></span> <span class='ocrx_word' id='word_1_337' title='bbox 1454 4453 1625 4543; x_wconf 87' lang='lat' dir='ltr'><strong>proposui,</strong></span> <span class='ocrx_word' id='word_1_338' title='bbox 1643 4451 1677 4518; x_wconf 89' lang='lat' dir='ltr'><strong>in</strong></span> <span class='ocrx_word' id='word_1_339' title='bbox 1702 4473 1771 4543; x_wconf 88' lang='lat' dir='ltr'><strong>quo</strong></span> <span class='ocrx_word' id='word_1_340' title='bbox 1792 4451 1820 4516; x_wconf 89' lang='lat' dir='ltr'><strong>si</strong></span> <span class='ocrx_word' id='word_1_341' title='bbox 1842 4471 1897 4516; x_wconf 87' lang='lat' dir='ltr'><strong>er·</strong></span> 
     </span>
     <span class='ocr_line' id='line_1_35' title="bbox 227 4483 1894 4638; baseline -0.003 -30"><span class='ocrx_word' id='word_1_342' title='bbox 227 4565 358 4626; x_wconf 84' lang='lat' dir='ltr'><strong>rarero,</strong></span> <span class='ocrx_word' id='word_1_343' title='bbox 374 4545 430 4612; x_wconf 89' lang='lat' dir='ltr'><strong>illa</strong></span> <span class='ocrx_word' id='word_1_344' title='bbox 454 4564 562 4614; x_wconf 88' lang='lat' dir='ltr'><strong>tamen</strong></span> <span class='ocrx_word' id='word_1_345' title='bbox 587 4483 696 4638; x_wconf 64' lang='lat' dir='ltr'><strong>aalide</strong></span> <span class='ocrx_word' id='word_1_346' title='bbox 716 4562 822 4628; x_wconf 83' lang='lat' dir='ltr'><strong>¹aetate</strong></span> <span class='ocrx_word' id='word_1_347' title='bbox 844 4570 897 4614; x_wconf 90' lang='lat' dir='ltr'><strong>me</strong></span> <span class='ocrx_word' id='word_1_348' title='bbox 919 4545 1132 4634; x_wconf 89' lang='lat' dir='ltr'><strong>constitutum</strong></span> <span class='ocrx_word' id='word_1_349' title='bbox 1156 4543 1256 4622; x_wconf 88' lang='lat' dir='ltr'><strong>scias,</strong></span> <span class='ocrx_word' id='word_1_350' title='bbox 1272 4563 1338 4633; x_wconf 90' lang='lat' dir='ltr'><strong>qua</strong></span> <span class='ocrx_word' id='word_1_351' title='bbox 1362 4543 1433 4633; x_wconf 83' lang='lat' dir='ltr'><strong>jura</strong></span> <span class='ocrx_word' id='word_1_352' title='bbox 1450 4565 1560 4609; x_wconf 86' lang='lat' dir='ltr'><strong>errore</strong></span> <span class='ocrx_word' id='word_1_353' title='bbox 1583 4541 1682 4632; x_wconf 87' lang='lat' dir='ltr'><strong>lapsis</strong></span> <span class='ocrx_word' id='word_1_354' title='bbox 1703 4555 1894 4624; x_wconf 78' lang='lat' dir='ltr'><strong>succurrere</strong></span> 
     </span>
     <span class='ocr_line' id='line_1_36' title="bbox 226 4629 1994 4733; baseline -0.001 -37"><span class='ocrx_word' id='word_1_355' title='bbox 226 4652 419 4702; x_wconf 79' lang='lat' dir='ltr'><strong>sueverunt.</strong></span> <span class='ocrx_word' id='word_1_356' title='bbox 444 4635 533 4706; x_wconf 86' lang='lat' dir='ltr'><strong>Deus</strong></span> <span class='ocrx_word' id='word_1_357' title='bbox 555 4635 685 4724; x_wconf 88' lang='lat' dir='ltr'><strong>autern,</strong></span> <span class='ocrx_word' id='word_1_358' title='bbox 706 4639 767 4733; x_wconf 89' lang='lat' dir='ltr'><strong>qui</strong></span> <span class='ocrx_word' id='word_1_359' title='bbox 790 4638 963 4728; x_wconf 87' lang='lat' dir='ltr'><strong>bucusque</strong></span> <span class='ocrx_word' id='word_1_360' title='bbox 985 4633 1100 4702; x_wconf 90' lang='lat' dir='ltr'><strong>ductor</strong></span> <span class='ocrx_word' id='word_1_361' title='bbox 1121 4631 1304 4699; x_wconf 91' lang='lat' dir='ltr'><strong>studiorum</strong></span> <span class='ocrx_word' id='word_1_362' title='bbox 1330 4653 1477 4697; x_wconf 78' lang='lat' dir='ltr'><strong>aneorum</strong></span> <span class='ocrx_word' id='word_1_363' title='bbox 1496 4632 1574 4717; x_wconf 84' lang='lat' dir='ltr'><strong>luit,</strong></span> <span class='ocrx_word' id='word_1_364' title='bbox 1595 4654 1691 4727; x_wconf 88' lang='lat' dir='ltr'><strong>porro</strong></span> <span class='ocrx_word' id='word_1_365' title='bbox 1735 4629 1816 4697; x_wconf 92' lang='lat' dir='ltr'><strong>ratia</strong></span> <span class='ocrx_word' id='word_1_366' title='bbox 1834 4651 1895 4696; x_wconf 87' lang='lat' dir='ltr'><strong>sos</strong></span> <span class='ocrx_word' id='word_1_367' title='bbox 1989 4653 1994 4664; x_wconf 89' lang='lat'><strong>·</strong></span> 
     </span>
     <span class='ocr_line' id='line_1_37' title="bbox 230 4653 1946 4820; baseline -0.002 -30"><span class='ocrx_word' id='word_1_368' title='bbox 230 4723 310 4790; x_wconf 80' lang='lat' dir='ltr'><strong>milri</strong></span> <span class='ocrx_word' id='word_1_369' title='bbox 335 4725 434 4807; x_wconf 86' lang='lat' dir='ltr'><strong>adsit,</strong></span> <span class='ocrx_word' id='word_1_370' title='bbox 458 4745 495 4794; x_wconf 91' lang='lat' dir='ltr'><strong>ut</strong></span> <span class='ocrx_word' id='word_1_371' title='bbox 517 4728 681 4820; x_wconf 86' lang='lat' dir='ltr'><strong>quicquid</strong></span> <span class='ocrx_word' id='word_1_372' title='bbox 703 4749 721 4796; x_wconf 88' lang='lat' dir='ltr'><strong>a</strong></span> <span class='ocrx_word' id='word_1_373' title='bbox 746 4751 799 4798; x_wconf 85' lang='lat' dir='ltr'><strong>nse</strong></span> <span class='ocrx_word' id='word_1_374' title='bbox 821 4719 971 4820; x_wconf 82' lang='lat' dir='ltr'><strong>unquam</strong></span> <span class='ocrx_word' id='word_1_375' title='bbox 992 4737 1179 4813; x_wconf 87' lang='lat' dir='ltr'><strong>susceptum</strong></span> <span class='ocrx_word' id='word_1_376' title='bbox 1200 4719 1320 4804; x_wconf 86' lang='lat' dir='ltr'><strong>luerit,</strong></span> <span class='ocrx_word' id='word_1_377' title='bbox 1336 4719 1374 4791; x_wconf 86' lang='lat' dir='ltr'><strong>iu</strong></span> <span class='ocrx_word' id='word_1_378' title='bbox 1396 4717 1672 4814; x_wconf 75' lang='lat' dir='ltr'><strong>nominisipsius</strong></span> <span class='ocrx_word' id='word_1_379' title='bbox 1693 4653 1831 4816; x_wconf 55' lang='lat' dir='ltr'><strong>gbriam</strong></span> <span class='ocrx_word' id='word_1_380' title='bbox 1854 4741 1893 4788; x_wconf 88' lang='lat' dir='ltr'><strong>ac</strong></span> <span class='ocrx_word' id='word_1_381' title='bbox 1943 4773 1946 4780; x_wconf 91' lang='lat'><strong>.</strong></span> 
     </span>
    </p>

    <p class='ocr_par' dir='ltr' id='par_1_11' title="bbox 230 4815 620 4911">
     <span class='ocr_line' id='line_1_38' title="bbox 230 4815 620 4911; baseline 0.015 -33"><span class='ocrx_word' id='word_1_382' title='bbox 230 4815 312 4903; x_wconf 90' lang='lat' dir='ltr'><strong>reip.</strong></span> <span class='ocrx_word' id='word_1_383' title='bbox 335 4815 473 4884; x_wconf 89' lang='lat' dir='ltr'><strong>salutern</strong></span> <span class='ocrx_word' id='word_1_384' title='bbox 500 4831 620 4911; x_wconf 83' lang='lat' dir='ltr'><strong>vergat.</strong></span> 
     </span>
    </p>
   </div>
   <div class='ocr_carea' id='block_1_11' title="bbox 890 4949 1292 5078">
    <p class='ocr_par' dir='ltr' id='par_1_12' title="bbox 890 4949 1292 5078">
     <span class='ocr_line' id='line_1_39' title="bbox 890 4949 1292 5078; baseline -0.02 0"><span class='ocrx_word' id='word_1_385' title='bbox 890 5003 1136 5078; x_wconf 76' lang='lat' dir='ltr'><strong>creua</strong></span> <span class='ocrx_word' id='word_1_386' title='bbox 1195 4949 1292 5070; x_wconf 52' lang='lat' dir='ltr'><strong>1(v</strong></span> 
     </span>
    </p>
   </div>
   <div class='ocr_carea' id='block_1_12' title="bbox 683 5198 1423 5296">
    <p class='ocr_par' dir='ltr' id='par_1_13' title="bbox 683 5198 1423 5296">
     <span class='ocr_line' id='line_1_40' title="bbox 683 5198 1423 5296; baseline -0.022 -16"><span class='ocrx_word' id='word_1_387' title='bbox 683 5261 686 5266; x_wconf 90' lang='lat'>-</span> <span class='ocrx_word' id='word_1_388' title='bbox 706 5211 765 5280; x_wconf 84' lang='lat' dir='ltr'><strong>Da</strong></span> <span class='ocrx_word' id='word_1_389' title='bbox 785 5209 952 5276; x_wconf 72' lang='lat' dir='ltr'><strong>baronum</strong></span> <span class='ocrx_word' id='word_1_390' title='bbox 974 5201 1202 5296; x_wconf 82' lang='lat' dir='ltr'><strong>appellatione</strong></span> <span class='ocrx_word' id='word_1_391' title='bbox 1222 5209 1255 5263; x_wconf 82' lang='lat' dir='ltr'><strong>ct</strong></span> <span class='ocrx_word' id='word_1_392' title='bbox 1277 5198 1423 5285; x_wconf 79' lang='lat' dir='ltr'><strong>origine.</strong></span> 
     </span>
    </p>
   </div>
   <div class='ocr_carea' id='block_1_13' title="bbox 463 5389 1468 5544">
    <p class='ocr_par' dir='ltr' id='par_1_14' title="bbox 463 5389 1468 5544">
     <span class='ocr_line' id='line_1_41' title="bbox 463 5389 1458 5462; baseline -0.008 -8"><span class='ocrx_word' id='word_1_393' title='bbox 463 5405 484 5454; x_wconf 83' lang='lat' dir='ltr'><em>S</em></span> <span class='ocrx_word' id='word_1_394' title='bbox 504 5407 531 5461; x_wconf 82' lang='lat' dir='ltr'><em>U</em></span> <span class='ocrx_word' id='word_1_395' title='bbox 545 5405 578 5458; x_wconf 70' lang='grc' dir='ltr'><em>Π</em></span> <span class='ocrx_word' id='word_1_396' title='bbox 593 5405 629 5460; x_wconf 72' lang='lat' dir='ltr'><strong>J!</strong></span> <span class='ocrx_word' id='word_1_397' title='bbox 642 5405 671 5461; x_wconf 87' lang='lat' dir='ltr'><em>A</em></span> <span class='ocrx_word' id='word_1_398' title='bbox 688 5389 714 5462; x_wconf 69' lang='lat' dir='ltr'><strong>[l</strong></span> <span class='ocrx_word' id='word_1_399' title='bbox 732 5407 751 5459; x_wconf 86' lang='lat'><em>1</em></span> <span class='ocrx_word' id='word_1_400' title='bbox 768 5407 798 5460; x_wconf 83' lang='lat' dir='ltr'><em>A</em></span> <span class='ocrx_word' id='word_1_401' title='bbox 1087 5397 1148 5449; x_wconf 81' lang='lat' dir='ltr'><strong>Bur</strong></span> <span class='ocrx_word' id='word_1_402' title='bbox 1157 5395 1246 5448; x_wconf 76' lang='lat' dir='ltr'><strong>strum</strong></span> <span class='ocrx_word' id='word_1_403' title='bbox 1259 5392 1375 5446; x_wconf 80' lang='lat' dir='ltr'><strong>denotat.</strong></span> <span class='ocrx_word' id='word_1_404' title='bbox 1391 5390 1458 5446; x_wconf 68' lang='lat' dir='ltr'><strong>snb.</strong></span> 
     </span>
     <span class='ocr_line' id='line_1_42' title="bbox 1090 5475 1468 5544; baseline -0.019 -10"><span class='ocrx_word' id='word_1_405' title='bbox 1090 5481 1275 5544; x_wconf 79' lang='lat' dir='ltr'><strong>Hispanorum</strong></span> <span class='ocrx_word' id='word_1_406' title='bbox 1288 5491 1384 5532; x_wconf 75' lang='lat' dir='ltr'><strong>eamn·</strong></span> <span class='ocrx_word' id='word_1_407' title='bbox 1397 5491 1425 5530; x_wconf 83' lang='lat' dir='ltr'><strong>rt.</strong></span> <span class='ocrx_word' id='word_1_408' title='bbox 1440 5475 1468 5528; x_wconf 79' lang='lat'><strong>8.</strong></span> 
     </span>
    </p>
   </div>
   <div class='ocr_carea' id='block_1_14' title="bbox 228 5556 1627 5814">
    <p class='ocr_par' dir='ltr' id='par_1_15' title="bbox 228 5556 1627 5814">
     <span class='ocr_line' id='line_1_43' title="bbox 239 5556 1478 5644; baseline -0.008 -17"><span class='ocrx_word' id='word_1_409' title='bbox 239 5573 357 5630; x_wconf 74' lang='lat' dir='ltr'><strong>Batanis</strong></span> <span class='ocrx_word' id='word_1_410' title='bbox 368 5573 499 5630; x_wconf 63' lang='lat' dir='ltr'><strong>detractio</strong></span> <span class='ocrx_word' id='word_1_411' title='bbox 511 5575 588 5630; x_wconf 76' lang='lat' dir='ltr'><strong>vario</strong></span> <span class='ocrx_word' id='word_1_412' title='bbox 596 5586 647 5644; x_wconf 73' lang='lat' dir='ltr'><strong>¹rat.</strong></span> <span class='ocrx_word' id='word_1_413' title='bbox 659 5593 686 5631; x_wconf 86' lang='lat' dir='ltr'><strong>rr.</strong></span> <span class='ocrx_word' id='word_1_414' title='bbox 699 5579 728 5630; x_wconf 83' lang='lat' dir='ltr'><strong>l.</strong></span> <span class='ocrx_word' id='word_1_415' title='bbox 1088 5563 1213 5614; x_wconf 62' lang='lat' dir='ltr'><strong>flamm</strong></span> <span class='ocrx_word' id='word_1_416' title='bbox 1225 5560 1303 5630; x_wconf 69' lang='lat' dir='ltr'><strong>quoti</strong></span> <span class='ocrx_word' id='word_1_417' title='bbox 1311 5573 1398 5626; x_wconf 78' lang='lat' dir='ltr'><strong>pares.</strong></span> <span class='ocrx_word' id='word_1_418' title='bbox 1412 5575 1438 5611; x_wconf 75' lang='lat' dir='ltr'><strong>tt·</strong></span> <span class='ocrx_word' id='word_1_419' title='bbox 1451 5556 1478 5610; x_wconf 71' lang='lat'><strong>⁹·</strong></span> 
     </span>
     <span class='ocr_line' id='line_1_44' title="bbox 228 5641 1627 5729; baseline -0.013 -19"><span class='ocrx_word' id='word_1_420' title='bbox 228 5641 356 5713; x_wconf 69' lang='lat' dir='ltr'><strong>Dr&#39;vsrma</strong></span> <span class='ocrx_word' id='word_1_421' title='bbox 366 5662 511 5711; x_wconf 73' lang='lat' dir='ltr'><strong>tentamine</strong></span> <span class='ocrx_word' id='word_1_422' title='bbox 521 5660 695 5714; x_wconf 76' lang='lat' dir='ltr'><strong>adducuntur.</strong></span> <span class='ocrx_word' id='word_1_423' title='bbox 710 5678 737 5713; x_wconf 86' lang='lat' dir='ltr'><strong>rr.</strong></span> <span class='ocrx_word' id='word_1_424' title='bbox 751 5659 775 5711; x_wconf 69' lang='lat'><strong>2.</strong></span> <span class='ocrx_word' id='word_1_425' title='bbox 786 5669 812 5714; x_wconf 83' lang='lat' dir='ltr'><strong>ct</strong></span> <span class='ocrx_word' id='word_1_426' title='bbox 823 5674 906 5729; x_wconf 71' lang='lat' dir='ltr'><strong>seqq.¹</strong></span> <span class='ocrx_word' id='word_1_427' title='bbox 1090 5644 1228 5706; x_wconf 68' lang='lat' dir='ltr'><strong>Berimtio</strong></span> <span class='ocrx_word' id='word_1_428' title='bbox 1238 5645 1406 5716; x_wconf 64' lang='lat' dir='ltr'><strong>germanicar.</strong></span> <span class='ocrx_word' id='word_1_429' title='bbox 1416 5661 1444 5697; x_wconf 85' lang='lat' dir='ltr'><strong>rt.</strong></span> <span class='ocrx_word' id='word_1_430' title='bbox 1458 5641 1501 5694; x_wconf 74' lang='lat'><strong>1⁰.</strong></span> <span class='ocrx_word' id='word_1_431' title='bbox 1514 5651 1540 5694; x_wconf 83' lang='lat' dir='ltr'><strong>et</strong></span> <span class='ocrx_word' id='word_1_432' title='bbox 1551 5656 1627 5714; x_wconf 71' lang='lat' dir='ltr'><strong>seqq.</strong></span> 
     </span>
     <span class='ocr_line' id='line_1_45' title="bbox 321 5725 1525 5814; baseline -0.016 -19"><span class='ocrx_word' id='word_1_433' title='bbox 321 5743 428 5814; x_wconf 69' lang='lat' dir='ltr'><strong>stry-lii</strong></span> <span class='ocrx_word' id='word_1_434' title='bbox 449 5746 509 5799; x_wconf 81' lang='lat' dir='ltr'><strong>Vni.</strong></span> <span class='ocrx_word' id='word_1_435' title='bbox 531 5747 595 5806; x_wconf 66' lang='lat'><strong>171.</strong></span> <span class='ocrx_word' id='word_1_436' title='bbox 770 5747 772 5751; x_wconf 81' lang='grc'>’</span> <span class='ocrx_word' id='word_1_437' title='bbox 1000 5781 1002 5786; x_wconf 97' lang='grc'>.</span> <span class='ocrx_word' id='word_1_438' title='bbox 1490 5725 1525 5776; x_wconf 76' lang='lat'><strong>28</strong></span> 
     </span>
    </p>
   </div>
   <div class='ocr_carea' id='block_1_15' title="bbox 0 0 2244 6212">
    <p class='ocr_par' dir='ltr' id='par_1_16' title="bbox 0 0 2244 6212">
     <span class='ocr_line' id='line_1_46' title="bbox 0 0 2244 6212; baseline 0 0"><span class='ocrx_word' id='word_1_439' title='bbox 0 0 2244 6212; x_wconf 95' lang='lat' dir='ltr'><strong> </strong></span> 
     </span>
    </p>
   </div>
  </div>
 </body>
</html>
