4416 6230
607 557 1487 702 u,u,suuuuuut

219 1079 395 1210 Primum
419 1135 572 1204 volumen
597 1133 859 1228 disputationum
892 1128 980 1202 beati
1011 1130 1157 1224 parentis
1184 1129 1272 1214 mai,
1302 1153 1388 1222 quse
1415 1129 1479 1198 sub
1505 1129 1578 1222 ejus
1603 1131 1783 1224 praesidio,
1810 1135 1847 1204 in

218 1224 279 1300 ltac
301 1228 384 1294 alma
408 1227 618 1295 frideriricus
644 1226 776 1294 habitae
804 1236 899 1306 sunt,
928 1221 1095 1301 editurus,
1124 1244 1193 1290 uon
1221 1220 1314 1312 potui
1344 1244 1412 1288 non
1439 1221 1605 1314 quaedam
1629 1222 1698 1306 bio,
1722 1225 1850 1316 praela·

220 1318 318 1386 tionis
342 1317 428 1404 loco,
455 1321 686 1408 praemittere,
710 1315 751 1382 de
776 1316 880 1405 prima
904 1315 1033 1404 origine
1066 1312 1358 1403 disputationum,
1390 1323 1424 1378 et
1454 1311 1538 1404 quid
1571 1313 1704 1381 beatum
1736 1316 1849 1384 sirum

221 1410 382 1496 primitus
407 1409 562 1489 moverit,
584 1407 626 1474 ad
651 1407 723 1473 illas
748 1405 782 1470 in
808 1423 895 1470 tanta
919 1403 1011 1492 copia
1036 1402 1194 1484 edendas,
1217 1417 1251 1468 et
1273 1426 1361 1492 quac
1383 1401 1469 1470 bona
1493 1402 1675 1471 exinde‘in
1697 1405 1850 1498 llempu-¹

220 1497 339 1568 blicam
365 1497 546 1564 literarium
569 1492 848 1565 redundaverint?
863 1492 991 1584 Quodsi
1015 1493 1105 1559 cuim
1130 1491 1171 1558 ad
1195 1516 1231 1558 ea
1257 1504 1402 1584 tempora
1427 1492 1657 1582 respiciamus,
1681 1519 1768 1586 quaa
1791 1517 1852 1564 au·

221 1601 419 1657 recesserunt
443 1590 542 1654 vitam
567 1587 654 1656 beati
682 1585 765 1667 siri,
792 1581 1054 1663 consideraturi,
1082 1583 1198 1674 quales
1230 1594 1301 1649 tum
1335 1582 1578 1672 disputationes
1610 1585 1646 1651 iu
1675 1584 1851 1654 academiis

222 1681 360 1746 usitatae
383 1677 538 1754 suerunt,
563 1676 773 1743 manifestum
799 1676 881 1753 erit,
905 1671 1125 1760 utplurimum
1152 1672 1253 1748 nihil,
1277 1697 1379 1764 quam
1405 1673 1511 1739 theses
1531 1674 1690 1741 concisas.
1705 1695 1741 1741 ac
1756 1700 1852 1766 saepe

220 1769 396 1847 obscuras,
420 1791 458 1831 ex
483 1769 608 1859 quibus
641 1765 726 1832 nihil
757 1763 960 1831 eruditionis
993 1763 1133 1847 hauriri,
1167 1780 1199 1828 et
1231 1764 1270 1828 ad
1303 1780 1448 1830 nostrum
1474 1787 1572 1830 usum
1608 1763 1642 1829 iu
1667 1763 1849 1833 Germania

224 1861 309 1926 trahi
335 1858 455 1948 potuit,
471 1857 615 1924 examini
642 1855 776 1947 pubtiuo
797 1854 974 1943 subjectas,
990 1871 1049 1918 aut
1070 1857 1098 1920 si
1122 1875 1380 1945 nonnumquam
1405 1853 1514 1919 thema
1529 1853 1692 1946 quoddam
1718 1857 1852 1946 plenius

221 1973 391 2016 emussum
416 1945 535 2028 suerit,
560 1945 705 2036 vulgaria
730 1955 840 2010 tamen
863 1955 1074 2034 argumenta,
1103 1943 1242 2034 integris
1265 1943 1495 2010 voluminibus
1522 1943 1586 2036 jam
1609 1967 1762 2034 excussa,
1784 1945 1855 2012 ele·

221 2052 291 2122 cta,
313 2051 346 2106 et
373 2035 534 2104 levidensi
563 2035 718 2102 methodo
744 2034 907 2100 elaborata
934 2033 1055 2117 luisse,
1078 2033 1237 2124 neglectis
1263 2031 1492 2101 solertioribus
1520 2033 1740 2120 thematibus,
1765 2057 1853 2130 quae
1981 2043 1984 2050 '

222 2141 333 2195 tamen
380 2127 515 2193 rimario
540 2123 821 2216 disputationibus
849 2121 1042 2190 academicis
1071 2123 1232 2190 inservire
1254 2121 1430 2190 debebant.
1462 2121 1629 2190 Excitavit
1658 2123 1712 2191 hic
1742 2123 1854 2220 negle-

220 2235 293 2287 ctus
310 2219 343 2282 in
372 2217 506 2284 ostrism
530 2215 617 2282 beati
643 2215 760 2302 patris,
784 2226 823 2278 ut
845 2212 887 2278 de
909 2212 1133 2280 solertioribus
1161 2214 1366 2304 argumentis
1394 2211 1633 2306 conquirendis
1659 2235 1726 2278 nou
1755 2215 1853 2284 modo

221 2324 309 2376 esset
330 2307 504 2390 sollicitus,
527 2304 584 2372 sed
607 2307 705 2372 etiam
730 2320 894 2394 praeterea
918 2301 1166 2370 conclusionum
1190 2303 1358 2386 ubertate,
1383 2325 1448 2393 qua
1473 2302 1633 2395 pollebat,
1656 2316 1850 2385 exornaret,

224 2399 281 2466 illa
307 2395 499 2486 praecipue,
521 2417 611 2488 quac
633 2394 749 2486 praxin
774 2391 926 2485 perticere
951 2404 1119 2482 poterant,
1142 2391 1330 2484 colligeret,
1353 2409 1388 2458 ct
1417 2392 1461 2460 ita
1489 2393 1600 2459 omnia
1629 2405 1854 2477 connecteret,

223 2499 263 2557 ut
286 2486 324 2552 in
348 2487 418 2553 loro
440 2484 645 2554 versantibus
667 2483 710 2550 ab
735 2505 773 2549 eo
794 2483 994 2572 conscriptos
1017 2481 1216 2573 habitaeque
1241 2483 1442 2573 praesidium
1468 2483 1584 2575 ingens
1607 2482 1854 2575 adjumentum·

223 2600 293 2669 que
315 2574 502 2658 attulerint,
527 2573 561 2641 id
584 2571 674 2680 quod
696 2597 735 2640 ex
759 2583 808 2639 tot
830 2571 1038 2638 eruditorum
1062 2572 1260 2640 testimoniis
1282 2572 1538 2662 constat.·}laec
1594 2573 1705 2641 ublica
1736 2596 1853 2667 appro-

223 2665 314 2736 batio
336 2664 432 2732 beato
455 2665 526 2732 siro
548 2687 695 2730 ammom
720 2685 853 2754 quoque
876 2659 1021 2741 addidit,
1045 2675 1080 2728 ut
1106 2685 1172 2727 non
1203 2675 1329 2730 tantum
1352 2687 1434 2754 quos
1461 2686 1520 2755 per
1547 2597 1657 2752 plures
1682 2687 1786 2732 anuos
1816 2665 1851 2732 'u

226 2753 375 2823 viadriua
404 2765 439 2820 et
467 2752 722 2846 vitembergensi
750 2754 984 2842 conscripserat
1009 2749 1225 2844 edideratque
1252 2751 1498 2820 dissertationes
1525 2753 1588 2820 Vl.
1623 2690 1854 2824 voluminibhs

227 2845 408 2936 colligeret,
431 2855 464 2908 ct
486 2846 689 2933 conjunctim
715 2839 847 2923 ederet,
869 2839 925 2908 sed
949 2841 1047 2907 etiarn
1072 2841 1113 2908 ad
1137 2843 1221 2909 haue
1243 2843 1461 2918 academiam,
1484 2865 1500 2908 a
1526 2845 1753 2934 potentissimo
1775 2867 1852 2937 rege

225 2933 400 3001 Borussiae
422 2931 593 2999 Friderico
616 2933 642 3001 l.
665 2931 821 3023 gloriosae
843 2931 1034 3016 memoriae,
1058 2945 1203 3015 vocatus,
1227 2932 1474 3023 ingravescente
1497 2931 1573 2999 licet
1600 2945 1721 3018 aetate,
1744 2933 1852 3002 adbuc

251 3024 320 3090 lura
345 3044 428 3088 nova
451 3019 644 3114 argumenta
669 3021 807 3113 practica
832 3039 866 3088 et
886 3043 964 3087 usus
986 3020 1389 3110 quotidianoscanditatis
1411 3021 1669 3109 commendaret,
1693 3036 1727 3091 et
1742 3043 1780 3090 ut
1801 3047 1852 3090 so·

225 3047 292 3180 lide
313 3111 577 3191 elaborarentur,
599 3128 744 3188 curaret,
770 3111 987 3200 publicaeque
1007 3110 1235 3203 disquisitioni
1267 3113 1488 3180 submitteret.
1514 3113 1627 3202 Atque
1650 3115 1710 3182 hoc
1734 3113 1852 3199 modo,

225 3207 339 3294 juncto
361 3201 526 3267 indefesso
549 3199 873 3270 honoratissimorum
896 3200 1091 3290 collegarum
1116 3223 1248 3268 suorum
1271 3200 1399 3286 labore,
1415 3203 1474 3295 qni
1500 3202 1617 3268 itidem
1640 3225 1771 3272 omnem
1794 3227 1853 3270 cu-

226 3316 294 3359 ram
319 3289 514 3357 iudustriam
538 3303 571 3356 et
595 3291 767 3382 ingenium
791 3288 833 3354 ad
856 3290 1080 3376 esoruaudam
1097 3290 1180 3358 hanc
1196 3305 1417 3358 renascentem
1435 3292 1631 3358 academiam
1648 3287 1850 3377 attulerunt,

227 3394 263 3448 ut
286 3379 464 3472 quamdam
491 3381 747 3474 praerogativam
771 3378 849 3446 huic
873 3373 981 3471 regiae
1004 3379 1232 3446 fridericiauae
1253 3382 1452 3448 conciliaret.
1472 3383 1563 3448 luter
1585 3380 1643 3449 bos
1667 3384 1782 3475 itaquo
1804 3382 1853 3448 la·

226 3469 322 3538 bores
344 3492 430 3561 quos
453 3471 489 3536 in
514 3469 674 3536 academia
699 3468 878 3549 sustinuit,
903 3469 1016 3560 plures
1043 3485 1158 3536 enatae
1190 3486 1264 3536 suot
1290 3468 1556 3553 dissertationes,
1583 3495 1668 3562 quas
1700 3470 1851 3563 exemplo
1918 3518 1920 3522 .

227 3559 313 3636 beati
338 3559 484 3650 parentis
505 3560 705 3651 conjunctim
728 3556 962 3627 edendas‘easc
984 3559 1188 3641 existimari,
1213 3583 1356 3651 quarum
1391 3563 1535 3652 primum
1568 3562 1722 3630 volumen
1758 3583 1851 3628 nunc

225 3649 319 3728 sisto,
344 3650 524 3716 secuudum
548 3672 622 3718 mox
642 3649 668 3714 si
694 3649 787 3715 Deus
811 3647 909 3714 vitam
940 3648 1093 3739 viresque
1120 3651 1310 3716 concesserit
1337 3649 1501 3718 editurus.
1531 3649 1575 3716 Et
1604 3653 1690 3720 sicut
1710 3651 1772 3721 Vl.
1798 3672 1852 3719 so·

227 3739 353 3805 lumina
380 3739 487 3830 priora
513 3761 631 3831 magno
645 3737 851 3806 eruditorum
874 3738 1036 3843 applausu
1059 3757 1187 3831 accepta
1210 3753 1311 3823 suut,
1328 3740 1373 3805 ita
1398 3763 1464 3808 non
1480 3740 1613 3825 dubito,
1630 3743 1713 3834 quin
1736 3764 1852 3834 parem

226 3827 370 3896 favorem
395 3829 473 3896 baec
496 3851 579 3894 nora
603 3826 748 3895 collectio
771 3826 1037 3896 dissertationum
1064 3831 1107 3895 sit
1130 3833 1314 3899 inventura.
1332 3829 1377 3895 Et
1399 3855 1474 3897 cum
1495 3829 1699 3899 decisionum
1716 3853 1854 3938 quoque

226 3929 261 3984 et
286 3939 535 4008 responsorum,
557 3940 704 4008 quorum
727 3918 802 3985 satis
825 3918 964 4008 amplam
988 3940 1028 3984 ex
1051 3918 1177 3986 schedis
1200 3921 1345 4010 paternis
1360 3920 1527 4010 possideo,
1542 3922 1722 3988 editionem
1737 3921 1778 3987 ad
1799 3945 1854 3988 rn-

225 4009 381 4074 stautiam
408 4007 587 4074 multorum
611 4006 769 4090 meditor,
793 4005 825 4072 id
850 4030 966 4099 magua
991 4031 1067 4073 cura
1091 4033 1172 4101 ago,
1198 4025 1236 4079 ut
1259 4013 1476 4104 expectationi
1500 4012 1654 4102 publicae
1677 4010 1757 4078 satis
1778 4010 1852 4079 lieri

230 4099 349 4187 possit.
373 4096 476 4164 Halae
499 4095 712 4190 lllagdeburg.
736 4095 768 4164 d.
794 4121 827 4188 7.
850 4097 993 4165 octobris
1021 4097 1117 4190 1714.
