4462 6202
400 277 455 334 987
478 297 485 310 ·

341 374 605 450 Definiticprecuns.
618 391 646 428 n.
661 371 707 428 13.
794 442 797 448 ⁴

343 459 450 512 diatreta
467 457 747 523 internosceremus.
761 453 806 508 11.

340 541 483 599 Probatur
494 541 537 612 (1)
548 539 664 592 ratione.
676 555 704 589 n.
717 537 765 592 tt.

300 681 305 688 ,
341 625 384 695 (1)
398 623 535 695 ,Exemplo
549 632 677 677 ueterum.
689 637 717 675 tt.
732 623 777 675 tt.

340 707 381 776 (8)
394 707 515 779 lepidus.
528 723 552 758 ιι.
573 707 617 758 tt.

342 793 420 845 Inest
436 789 559 858 precibus
576 787 699 844 clausula
711 789 847 843 nesciatis.
864 807 891 842 ιι.
910 787 953 846 18.

340 871 511 944 Differentiu
523 874 647 944 interius
656 875 706 928 eis.
728 881 754 928 et
771 891 876 930 canan.
894 875 987 948 quoad
1009 875 1084 932 douc
1101 893 1162 930 sesa·

376 959 521 1011 teriumn.
544 957 588 1010 19.

299 1075 305 1093 .
342 1039 495 1094 11ιιο1ι1ιιιι
506 1039 587 1092 duiiu
597 1057 633 1092 ιιι.
646 1059 673 1094 ιι,
692 1042 735 1095 un.

346 1121 402 1176 Jus
414 1139 515 1175 canon.
528 1123 649 1178 maribus
661 1127 689 1178 in
703 1127 755 1180 iac
764 1141 847 1194 passu
865 1133 1009 1196 receptum.
1024 1141 1052 1177 ιι.
1067 1123 1112 1178 et.

339 1211 388 1262 An
403 1205 543 1262 clausula:
556 1209 583 1259 ιι·
588 1210 681 1280 prec'es
692 1210 809 1264 ueritate
819 1207 1054 1281 nitantur,suciat
1067 1207 1158 1266 reteri·

374 1299 421 1355 pta
435 1289 645 1346 conditionata?
656 1313 684 1346 ιι.
698 1294 743 1346 89.

339 1367 486 1440 Κριιὴριιιι
500 1373 619 1442 primum
633 1375 758 1430 ueritatis
770 1375 798 1430 in
812 1376 947 1444 precihus.
962 1392 990 1428 ιι.
1004 1377 1049 1429 83.

340 1452 512 1520 Secundum,¹
524 1455 580 1508 scil.
594 1457 623 1512 in
635 1461 731 1528 quibus
741 1460 902 1514 attendatur
911 1459 1024 1513 vesitus.
1037 1477 1063 1512 ιι.
1077 1460 1120 1514 81.

345 1535 484 1604 Tertium,
496 1557 566 1607 quae
582 1559 617 1594 sc.
631 1543 757 1602 notoria.
775 1559 831 1596 nou
844 1551 908 1616 eunt
923 1540 1045 1615 principi
1061 1541 1156 1609 sepsi·

375 1619 479 1671 menda.
492 1637 519 1672 n.
539 1618 583 1670 98.

342 1701 490 1766 Quorsum,
503 1699 627 1770 sipreces
639 1717 695 1754 non
708 1702 763 1755 sint
772 1701 909 1755 obscurae.
921 1719 948 1754 ιι.
961 1701 1004 1755 ii.

342 1780 484 1849 Quintum,
496 1780 674 1836 circulatione
687 1785 870 1858 magistratus.
883 1805 910 1838 n.
923 1787 965 1838 97.

335 1862 449 1916 Sentium
461 1901 468 1926 ,
480 1877 613 1934 quatenus
625 1868 746 1922 instrum.
759 1868 845 1922 inseri
855 1869 958 1923 debeat.
973 1888 1000 1923 n.
1012 1871 1059 1924 88.

335 1945 490 2013 Septimum,
505 1949 642 2018 bonafide
654 1952 752 2005 ueritus
762 1965 803 2007 est
811 1957 967 2012 asserenda·
981 1974 1009 2008 tt·
1021 1957 1065 2009 29.
1148 1963 1152 1974 “

339 2030 480 2096 octauum,
498 2035 605 2089 ratione
616 2037 821 2109 subscriptionis
836 2043 975 2113 principis.
988 2059 1017 2095 n.
1030 2043 1075 2097 80.

340 2109 470 2184 Officium
481 2121 611 2185 precistce
622 2123 856 2194 respectujusiicis.
870 2143 897 2178 ιι.
917 2128 961 2177 31.

339 2201 477 2266 (lesatensis
489 2201 534 2256 cui
544 2208 666 2258 executio
679 2207 841 2263 demandata
851 2247 859 2276 ,
871 2212 960 2280 poerit
971 2213 1110 2285 inquirere
1120 2215 1149 2268 in

373 2282 511 2337 ceritatem
521 2288 653 2354 precum?
664 2309 692 2345 n.
707 2292 750 2344 ³2.

334 2368 382 2419 An
393 2368 514 2440 principi
523 2369 556 2424 de
572 2374 684 2430 ueritate
693 2395 802 2446 precum
821 2380 956 2433 asserenti
970 2381 1150 2442 credendum?

369 2469 397 2503 n·
413 2452 457 2504 38.

333 2535 483 2590 neretum.
495 2541 525 2592 ιι.“
535 2539 577 2593 31.

333 2624 382 2673 An
396 2621 424 2674 in
438 2623 576 2678 mandetis
587 2644 607 2677 ι.
621 2643 642 2680 c.
656 2628 874 2700 subintelligutur
892 2631 1032 2686 clausula?
1044 2653 1071 2690 ιι.
1085 2635 1129 2689 38.

336 2704 411 2774 Quid
421 2707 454 2759 de
465 2710 603 2775 rescriptis
614 2711 742 2780 gratiae?
752 2732 780 2765 ιι.
795 2717 838 2768 86.

333 2787 456 2843 Clausala
466 2793 590 2847 ueritatis
603 2797 729 2849 omnibns
743 2798 880 2853 mundanis
892 2799 970 2856 inest.
989 2821 1018 2858 ιι.
1032 2805 1075 2858 ut.

336 2877 384 2922 ,(ιι
394 2877 477 2928 etium
489 2877 602 2932 decretis
620 2892 646 2934 et
662 2882 803 2936 sententiis
815 2883 843 2938 in
852 2886 973 2956 genere?
989 2905 1016 2940 ιι.
1036 2891 1080 2943 38.

335 2955 448 3010 diction.
460 2959 609 3016 dubitandi.
621 2980 650 3016 ιι.
669 2965 713 3016 39.

332 3040 392 3092 ltus.
406 3041 553 3098 decedendi.
567 3045 649 3102 ιι.10.

333 3123 458 3182 Conclus.
470 3145 529 3200 cap.
539 3129 631 3202 prinei·
641 3151 669 3188 ιι.
690 3135 733 3188 11.

298 3318 314 3368 1
334 3231 437 3358 Quod
450 3292 518 3349 alies
529 3295 559 3348 in
573 3299 724 3370 magistrstu
731 3303 899 3369 subalterno,
912 3308 957 3375 qui
970 3307 1023 3377 juri
1037 3309 1150 3366 dicendo

333 3377 481 3450 sprincipe
492 3389 532 3434 ιιι
550 3386 721 3454 praepositus,
740 3397 871 3457 tamquam
891 3394 1007 3447 maxime
1019 3413 1150 3452 commen·

333 3455 467 3525 dandum,
484 3473 511 3516 et
528 3462 657 3519 laudabile
677 3467 704 3518 in
725 3471 781 3535 jure
800 3482 891 3524 nostro
918 3480 1092 3546 proponitur,
1112 3479 1149 3534 si·

335 3541 482 3596 deiurio
501 3545 621 3601 adeundo
640 3569 667 3604 se
684 3549 788 3606 leciiem
807 3555 938 3625 praebeat.
962 3559 979 3613 l.
1004 3563 1148 3622 obseruare·

276 3671 281 3686 ,
336 3625 410 3680 dum.
425 3628 468 3680 18.
471 3625 513 3698 J.
527 3629 561 3684 sle
578 3630 651 3702 offic.
665 3636 783 3699 proeeid.
800 3635 866 3688 iilud
887 3641 983 3694 merito
1002 3643 1059 3714 ipse
1074 3647 1147 3715 priu-

337 3723 399 3780 ceps
416 3723 544 3782 tamquam
558 3719 691 3787 exemplar
704 3721 763 3788 (cui
777 3736 805 3772 ee
816 3737 973 3795 componere
985 3724 1083 3781 debent
1095 3747 1147 3782 ma-

337 3793 464 3860 gistratus
478 3797 640 3870 inferiores)
657 3818 701 3854 ene
723 3805 800 3858 debet
821 3805 1091 3876 implereelementie.
1107 3811 1152 3867 Est

299 3889 319 3941 2
341 3877 465 3930 videlieet
479 3883 603 3951 princeps
617 3884 681 3936 iilud
693 3887 767 3956 quusi
781 3897 942 3956 centrum,e
960 3911 1011 3962 quo
1028 3895 1149 3950 omnium

338 3961 469 4032 dependet
483 3966 558 4034 quies
570 3978 595 4019 et
607 3971 676 4021 selus
688 3969 775 4023 ciuilis
785 4008 793 4037 ,
805 3972 838 4025 etl
852 3977 920 4043 quod
935 3993 1026 4031 omnes
1047 3974 1148 4033 subditi

335 4046 460 4112 tendunt,
479 4059 507 4100 et
525 4064 619 4120 eano
631 4050 759 4107 rusilium
772 4055 895 4110 adserens
916 4057 1075 4129 iniustorum
1095 4061 1149 4117 me'·

336 4129 517 4195 chinstiones,
534 4151 563 4187 ιι
582 4135 756 4191 Ιιιιιιιιιιιιιιιι
783 4141 812 4192 in
838 4141 973 4207 aduersis,
997 4155 1023 4198 ιι
1048 4159 1147 4201 certem

331 4228 405 4284 spem
426 4231 473 4284 pro
488 4215 628 4270 obtinenda
653 4224 738 4288 gretie
764 4232 862 4291 petunt
881 4223 949 4278 lllud
968 4227 1056 4298 ipsum
1081 4229 1149 4301 imp.

332 4298 501 4353 iustinianus
519 4299 598 4355 elisio
616 4305 727 4376 eleganti
740 4302 896 4374 confirmate
908 4309 1058 4375 imperialis
1070 4313 1137 4368 lene

333 4382 469 4436 valentiae
490 4385 630 4456 proprium
651 4399 705 4452 ιιι,
725 4391 861 4460 inquiens,
881 4405 910 4445 ut
927 4399 1008 4448 omni
1030 4406 1148 4465 tempore

332 4465 514 4538 subjectorum
542 4471 687 4524 commodo
716 4483 773 4527 tam
804 4477 981 4548 investigare,
1005 4493 1090 4552 quani
1109 4485 1149 4540 eir

336 4549 440 4602 mederi
449 4562 539 4618 curet,
550 4552 568 4605 l.
581 4554 727 4624 imperialis
739 4559 783 4612 23.
792 4578 833 4628 pr.
846 4579 868 4616 c.
881 4560 917 4615 de
928 4577 1002 4632 nupt.
1014 4583 1085 4622 cone.
1099 4589 1148 4624 na·

333 4633 393 4688 tell.
407 4635 468 4686 181.
480 4653 505 4691 c.
520 4638 545 4688 1.
563 4637 620 4691 lmo
640 4641 667 4691 in
686 4639 704 4692 l.
721 4641 860 4715 privilegiis
881 4647 923 4700 19.
935 4665 957 4700 c.
971 4649 1003 4702 de
1013 4669 1047 4704 ιι.
1066 4654 1148 4706 ecele-

329 4717 388 4770 siis.
406 4717 561 4774 humanitati
579 4722 715 4794 principie
730 4727 874 4792 tribuitur,
886 4733 975 4800 egenis
988 4738 1149 4806 prospicere.

296 4816 314 4870 ⁸
337 4803 365 4854 ln
384 4820 414 4856 eo
432 4819 492 4856 sero
520 4805 646 4877 inprimis
664 4827 738 4864 suurn
753 4811 837 4867 boum
852 4821 975 4889 princepe
987 4819 1147 4888 expletoili·

331 4885 419 4951 cinm,
437 4887 542 4955 quaudo
565 4907 654 4958 preces
678 4909 786 4948 suorum
813 4898 977 4954 subditorum
1004 4904 1150 4959 clementer

228 5041 237 5058 Ι
332 4970 449 5039 excipit,
466 4983 493 5025 et
510 4975 677 5030 rescribendo
696 4981 877 5048 precatoribus
895 4983 1076 5062 indulgentiae
1088 5007 1149 5043 suse

194 5806 250 5816 *-

333 5055 475 5107 inusitetee
492 5059 597 5126 prestus
623 5057 819 5117 documentum.
849 5065 934 5118 Docet
951 5067 1007 5121 ‘boc
1024 5071 1148 5127 omnium

332 5137 475 5191 seculorum
496 5140 637 5206 memorie,
657 5161 705 5197 nec
729 5155 818 5199 nostre
843 5146 994 5221 discrepent
1018 5163 1148 5226 tempora,

334 5241 394 5274 curu
418 5221 538 5291 quotidie
555 5224 586 5275 ed
606 5241 680 5281 eures
705 5242 867 5281 summotum
887 5231 1037 5305 principum
1057 5255 1147 5308 preces

333 5305 495 5358 subditorum
513 5308 632 5374 tendent,
657 5321 683 5365 et
708 5310 742 5364 eb
768 5311 863 5378 iisdem
885 5318 1012 5390 rescripte
1030 5321 1062 5373 ed
1088 5321 1148 5377 ilios

332 5399 464 5447 emanent.

296 5504 315 5557 p
369 5473 421 5528 set
434 5475 471 5529 its
485 5493 537 5532 non
551 5495 611 5532 rsro
629 5478 746 5534 accidere
763 5481 847 5538 solere
865 5481 1031 5556 experientis
1053 5488 1146 5556 docet,

333 5568 361 5611 ut
379 5560 441 5612 dum
462 5564 585 5635 princeps
602 5565 677 5619 auree
689 5567 830 5622 clementes
845 5569 966 5640 precibus
978 5570 1145 5630 subditorum

330 5644 454 5713 praebet,
474 5645 502 5699 hi
516 5647 654 5704 clementia
670 5649 713 5704 illu
726 5652 883 5722 abutuntur,
898 5666 924 5708 ct
936 5673 983 5726 per
995 5655 1087 5712 laisum
1102 5678 1143 5715 re·

949 265 1137 338 uisceris.
1155 281 1254 336 xxtts.
1273 281 1390 338 cucur
1408 285 1429 339 t.

1214 375 1338 431 inionem
1358 376 1482 448 precibus
1501 373 1630 432 insertam
1651 377 1791 451 aliquando
1808 379 1920 449 gretiam
1940 381 2033 449 singu·

1213 461 1295 512 ierem
1315 461 1430 533 principi
1452 461 1602 515 mentiendo
1622 463 2035 534 eetorqsseent,cup·eeder18.

1214 545 1258 596 tu.
1277 545 1310 598 sle
1320 547 1437 614 rescript.
1445 545 1622 615 Conqueritur
1632 547 1665 600 de
1676 565 1706 602 eo
1720 549 1791 600 Met.
1801 563 1830 614 p.
1846 548 1870 598 1.
1881 545 1957 600 decis.
1973 548 2037 600 113.

1214 627 1345 696 inquiens,
1353 629 1401 680 sui
1414 639 1441 680 et
1451 627 1656 695 obreptionibus
1666 629 1695 682 in
1709 629 1781 684 uulit
1791 627 1943 695 principum
1957 629 2030 684 nituit

1213 718 1254 762 est
1255 707 1446 781 frequentius:
1460 729 1509 765 neo
1521 730 1643 782 unpseam
1661 715 1736 767 reicit
1755 725 1809 767 tam
1829 711 1946 784 prudens
1962 717 2039 777 prin·

1212 811 1286 864 eeps,
1304 795 1353 862 uui
1369 795 1432 849 illus
1450 812 1616 862 praecauere
1631 807 1679 852 aut
1696 797 1798 854 eciem
1806 797 1910 870 potuit.
1926 797 2039 869 Saepius

1213 878 1285 932 enim
1305 879 1372 933 mule
1391 879 1532 933 instruitur
1551 891 1578 934 et
1597 879 1755 935 informetur
1787 883 1870 936 bouus
1901 883 2041 956 peinceps,

1210 981 1263 1034 quo
1282 963 1340 1033 ipso
1359 975 1446 1016 temen
1466 965 1529 1017 teies
1548 965 1790 1020 circumvenientes
1815 967 1964 1038 principem
1982 985 2041 1039 gre·

1212 1044 1334 1097 sissimus
1353 1058 1487 1101 merentur
1507 1063 1621 1118 poenes,
1644 1059 1668 1104 1ι
1686 1068 1717 1102 eo
1738 1067 1763 1102 sn
1775 1049 1841 1120 riori
1866 1050 1929 1103 odio
1947 1050 2039 1120 digni,

1212 1144 1263 1196 quo
1283 1128 1431 1182 uberiorem
1451 1131 1562 1198 gratiam
1588 1130 1638 1183 snb
1657 1141 1685 1183 et
1705 1131 1853 1202 obreptitie
1875 1150 1890 1184 s
1911 1133 2039 1207 principe

1211 1207 1394 1277 impetrarunt.
1422 1210 1635 1280 llinequotidie
1660 1215 1783 1283 querelae
1806 1227 1835 1266 et
1863 1217 2038 1286 exceptiones

1211 1290 1335 1345 lslsitstls
1354 1311 1459 1363 precum
1482 1295 1641 1359 audiuntur,
1670 1314 1736 1368 quse
1754 1307 1898 1369 propterea
1922 1302 2039 1372 optimus

1207 1375 1286 1444 judee
1297 1377 1406 1428 omniuo
1418 1378 1563 1432 admittere
1579 1391 1682 1434 tenetur
1697 1420 1706 1447 ,
1732 1385 1888 1454 piscenius
1902 1401 1961 1438 oum
1974 1388 2039 1446 baeu

1210 1459 1334 1513 lucillime
1347 1481 1360 1511 a
1375 1473 1506 1530 precatore
1523 1465 1671 1529 committi,
1685 1465 1867 1537 princepsque
1879 1469 1912 1522 ite
1925 1471 2039 1526 circum·

1209 1543 1294 1596 seuiri
1314 1543 1406 1612 possit.
1420 1543 1452 1596 Es
1472 1545 1613 1612 iniceret,
1632 1549 1705 1619 quod
1727 1549 1845 1604 donares
1863 1561 1913 1604 tem
1933 1557 2037 1614 eolicile
2056 1559 2076 1610 3

1207 1623 1334 1678 slesudent
1348 1627 1375 1678 itt
1389 1629 1499 1679 solemni
1522 1630 1567 1681 ille
1581 1642 1606 1684 et
1632 1633 1753 1685 maxime
1773 1635 1887 1704 practica
1907 1641 2035 1710 materie,

1208 1705 1241 1757 de
1254 1706 1370 1762 ieleitele
1383 1725 1488 1778 precum
1503 1713 1619 1784 principi
1634 1716 1789 1782 obliturum,
1798 1725 1958 1789 peseseetim
1971 1729 2033 1780 eum

1208 1805 1241 1840 ex
1254 1792 1398 1844 teriteieet
1414 1788 1528 1847 islsitete
1547 1814 1653 1865 precum
1671 1801 1801 1870 rescripte
1825 1819 1902 1861 enum
1923 1806 2035 1864 ΙιιΙιιιιιιι

1207 1871 1367 1926 caliditatem
1377 1887 1398 1927 et
1407 1878 1540 1931 uirtutem.
1553 1881 1636 1932 Malui
1650 1883 1770 1953 proinde,
1782 1903 1842 1939 cum
1851 1889 2032 1948 academicum
2055 1881 2074 1932 ⁶

1204 1955 1333 2025 quotidem
1348 1959 1502 2011 exercitium
1515 1961 1757 2020 edereiuanimum
1771 1967 1946 2041 induxissem,
1956 1976 2030 2032 bene

1205 2041 1268 2092 estis
1281 2044 1438 2111 praeclarum
1453 2048 1707 2120 materiem,quippe
1717 2045 1825 2122 dignam
1840 2071 1908 2122 quse
1926 2061 2031 2128 penitus

1204 2121 1367 2192 inspicietur,
1381 2134 1407 2176 et
1422 2125 1534 2179 ulterius
1542 2132 1697 2198 excutietur,
1705 2151 1783 2204 quem
1804 2138 1948 2196 inutilibus
1958 2161 2033 2214 ergu-

1203 2213 1295 2262 mentis
1313 2209 1406 2260 lectori
1421 2209 1544 2264 beumclc
1562 2215 1677 2268 taedium
1690 2219 1822 2288 quoddam
1842 2239 1942 2276 creare.
1957 2227 2031 2282 Deus

1203 2307 1272 2354 seeo,
1280 2311 1293 2344 ι
1302 2311 1353 2361 qno
1363 2293 1452 2346 omnis
1462 2307 1552 2348 noster
1560 2297 1633 2352 isisnr
1644 2309 1669 2352 et
1681 2303 1795 2372 suspicis
1804 2317 1953 2376 erumpere
1964 2318 1989 2362 et
2001 2311 2030 2365 ie

1200 2376 1373 2444 gloriameiue
1383 2379 1490 2432 tendere
1502 2380 1590 2447 debet,
1599 2384 1706 2438 essietet
1715 2382 1784 2437 mihi
1799 2401 1847 2439 sue
1859 2392 1941 2458 gratia
1955 2393 2034 2448 nitet·

1201 2461 1277 2521 rima,
1287 2469 1313 2512 ut
1326 2477 1433 2528 scopum
1450 2465 1620 2531 propositum
1635 2466 1793 2536 ettingeeeet
1806 2471 1836 2522 iu
1855 2475 1915 2541 ejus
1925 2477 2034 2544 gloriam

1200 2541 1290 2592 omnis
1320 2543 1336 2593 d
1350 2554 1503 2613 exoptatum
1525 2547 1645 2617 dirigere
1669 2560 1797 2604 euentum
1816 2555 1928 2624 poesim.
1953 2558 2033 2615 Ferit

1202 2625 1247 2676 ilie
1260 2623 1377 2679 feliciter
1389 2627 1398 2679 !

1234 2709 1281 2762 nn
1295 2727 1355 2764 sero
1367 2709 1535 2781 frequentius
1552 2725 1592 2770 est
1606 2716 1634 2770 iu
1648 2715 1896 2789 disputationibus,
1908 2741 1987 2794 quem
2001 2737 2029 2781 nt
2046 2737 2066 2787 7

1200 2793 1286 2861 capite
1305 2797 1391 2862 primo
1411 2798 1578 2864 esotuusus,
1603 2810 1631 2852 et
1652 2803 1823 2861 enucleentur
1846 2809 1881 2860 ed
1899 2825 2026 2868 ιιιιιιιιιιι

1198 2877 1353 2946 quaudoque
1366 2881 1486 2933 socsbule
1501 2881 1529 2934 iu
1543 2882 1648 2938 rubrica
1665 2889 1854 2956 occurrentis,
1877 2893 1920 2945 cui
1936 2912 2035 2966 operae

1203 2961 1317 3014 uertice
1328 2965 1501 3032 supersedeo,
1516 2981 1574 3020 ιιιιι
1594 2969 1673 3023 scrita
1689 2971 1717 3022 in
1734 2973 1892 3042 scripturis
1910 2979 2038 3036 omnibns

1200 3043 1303 3098 abunde
1316 3056 1427 3117 puteant.
1441 3049 1571 3104 Bresibns
1584 3053 1688 3118 saltim,
1700 3071 1769 3125 qnae
1783 3055 1817 3109 ed
1837 3057 1996 3116 faciliorem
2008 3075 2037 3122 et

1201 3131 1340 3200 genuinam
1355 3133 1558 3201 explicationem
1573 3137 1672 3190 indolis
1690 3157 1797 3210 precum
1817 3144 1946 3217 principi
1961 3149 2033 3202 oble·

1203 3222 1287 3266 tarum
1307 3211 1421 3280 iscieut,
1436 3217 1607 3273 indicaturus.
1622 3221 1733 3276 Constat
1752 3227 1868 3294 exituris
1896 3231 1980 3284 nostri
1996 3243 2035 3288 te·
2054 3233 2074 3284 8

1202 3298 1297 3362 stibus,
1311 3315 1400 3368 preces
1412 3302 1512 3369 passim
1528 3321 1576 3372 pre
1590 3303 1690 3357 libellis
1710 3309 1877 3376 supplicibus
1896 3315 1969 3382 poni,
1982 3331 2032 3370 cat

1201 3385 1241 3434 tel
1254 3385 1295 3434 stt.
1306 3401 1328 3438 c.
1341 3385 1374 3438 de
1390 3386 1489 3456 precii.
1513 3387 1578 3458 imp.
1592 3387 1727 3458 offirend.
1738 3403 1764 3444 ιι
1779 3393 1948 3468 illelorrnuls
1962 3401 1990 3452 in
2005 3403 2026 3456 l.

1202 3467 1331 3523 uniuersa
1342 3471 1368 3524 t.
1381 3489 1403 3524 c.
1418 3471 1450 3526 de
1461 3473 1561 3528 ds'vers.
1573 3479 1692 3545 rescript.
1705 3477 1730 3529 ιι·
1745 3495 1840 3545 preces
1858 3483 1969 3539 ueritate
1985 3487 2033 3540 ni·

1200 3560 1310 3617 tantur,
1337 3555 1440 3609 docent.
1462 3555 1540 3610 Unde
1565 3559 1658 3611 herum
1684 3563 1840 3630 saepissime
1865 3585 1968 3638 quoque
1992 3567 2029 3629 fit

1202 3635 1303 3688 mentio
1320 3637 1349 3688 in
1368 3638 1397 3689 ll.
1413 3640 1474 3692 cod.
1488 3640 1520 3692 de
1533 3642 1620 3710 usqfr.
1635 3641 1654 3696 l.
1665 3644 1788 3710 precibus
1801 3649 1827 3700 8.
1839 3667 1863 3702 c.
1876 3652 1909 3705 de
1926 3655 2030 3721 impul.

1202 3732 1227 3773 et
1239 3723 1276 3776 ul.
1289 3725 1372 3776 suist.
1386 3725 1401 3776 l.
1417 3741 1477 3779 cum
1493 3743 1603 3796 precum
1624 3729 1651 3780 9.
1669 3747 1690 3782 ι.
1702 3727 1736 3784 de
1748 3731 1825 3786 ls'lser.
1837 3752 1912 3791 ιιιιιι.
1926 3738 1944 3790 l.
1956 3757 2022 3794 cutte

1204 3806 1246 3856 to.
1258 3805 1274 3856 l.
1286 3805 1445 3874 sisuntluns
1459 3812 1502 3862 l'l.
1520 3829 1543 3863 c.
1564 3813 1600 3866 de
1615 3813 1657 3866 rei
1671 3811 1746 3868 vind.
1768 3819 1838 3870 ilinc
1856 3822 1937 3875 etiem
1960 3841 2027 3890 pre·

1201 3893 1314 3942 catorio
1330 3895 1386 3959 jure
1398 3906 1487 3947 nostro
1501 3895 1617 3964 dicitur,
1630 3898 1675 3967 qui
1700 3917 1748 3968 per
1767 3901 1870 3956 libellos
1889 3907 2023 3976 supplices

1202 3974 1303 4042 sliquiu
1324 3992 1338 4025 ι
1359 3977 1480 4049 principe
1501 3979 1581 4050 petit,
1597 3981 1616 4034 l.
1630 3991 1655 4035 et
1666 3982 1692 4034 si
1700 3982 1800 4053 iegibus
1812 3987 1836 4040 1.
1848 4004 1872 4040 ι.
1890 3990 1916 4040 ri
1934 4003 2022 4048 conv.

1196 4055 1243 4125 ins
1255 4057 1299 4111 uel
1306 4059 1364 4112 util.
1373 4061 1448 4128 publ.

1239 4143 1312 4212 suto
1325 4145 1453 4199 hodierno
1472 4148 1625 4219 plerumque
1644 4148 1767 4206 dicuntur
1791 4154 2021 4224 supplicationes,
2040 4156 2061 4208 9

1201 4225 1276 4296 longe
1289 4237 1375 4282 tamen
1390 4229 1492 4283 discsse
1512 4230 1725 4302 significatione,
1743 4255 1819 4307 quarn
1838 4256 1905 4308 qnae
1924 4243 2022 4312 depes·

1201 4309 1328 4365 itenditur
1344 4312 1374 4364 in
1385 4314 1404 4365 l.
1424 4315 1448 4366 1.
1452 4313 1492 4382 ff
1503 4315 1619 4387 decffic.
1635 4321 1723 4388 praef.
1732 4333 1854 4391 praetor.
1873 4326 1892 4378 l.
1912 4330 1935 4378 i⁴
1952 4347 1975 4381 c.
1987 4329 2022 4383 de

1198 4404 1313 4450 sentent.
1328 4400 1417 4468 psogf.
1429 4411 1513 4463 praet.
1531 4413 1580 4456 etc.
1599 4403 1644 4456 ubi
1660 4403 1783 4458 denotent
1796 4412 1956 4472 remedium,
1969 4433 2022 4484 qno

1198 4478 1321 4533 uniuersus
1338 4499 1382 4534 eos
1397 4482 1433 4534 uti
1448 4501 1584 4553 possumus
1597 4505 1611 4538 ι
1624 4487 1720 4558 quibus
1734 4493 1865 4561 appellere
1881 4500 2021 4553 nonlicet.

1200 4561 1278 4615 Unde
1303 4575 1329 4616 ιι
1349 4565 1428 4619 1οι11ι
1448 4569 1654 4638 supplicationis
1674 4575 1822 4627 remedium
1848 4593 1967 4648 superest
1988 4585 2019 4638 iu

1202 4651 1301 4702 nostris
1318 4649 1438 4719 judiciis:
1459 4653 1514 4704 imo
1526 4662 1552 4704 et
1566 4655 1595 4707 in
1608 4671 1712 4709 summo
1733 4659 1839 4729 imperii
1859 4663 1960 4729 judicio
1973 4685 2022 4719 sn-

1201 4731 1264 4784 lico.
1279 4735 1391 4788 interim
1412 4745 1499 4788 tesuen
1519 4754 1566 4790 nec
1578 4748 1667 4793 nostre
1688 4739 1850 4809 significatio
1863 4747 1965 4817 iegibus
1977 4751 2021 4803 in·

1200 4820 1274 4886 cogni
1280 4829 1303 4871 ιι
1316 4831 1355 4874 est
1370 4821 1420 4872 stt.
1442 4822 1525 4876 Rubr.
1542 4825 1575 4876 de
1585 4825 1686 4891 precii.
1702 4829 1765 4899 imp.
1784 4829 1867 4899 offer.
1879 4844 1906 4887 et
1917 4835 1950 4890 de
1963 4837 2022 4905 qni·

1201 4903 1248 4956 tiu
1259 4902 1315 4956 rei.
1326 4904 1433 4975 supplic.
1441 4905 1480 4958 lit.
1487 4917 1512 4959 et
1521 4907 1594 4961 auti.
1600 4920 1741 4978 praetereo
1749 4929 1771 4966 e.
1782 4913 1814 4968 de
1822 4921 1936 4973 nuent
1946 4922 2024 4976 liner.

1201 4988 1251 5040 vet
1267 4989 1346 5041 etiem
1367 4989 1536 5055 memoriale,
1553 5009 1620 5069 qnae
1632 4994 1758 5049 hactenus
1779 5000 1807 5052 in
1833 5019 1865 5054 eo
1881 5004 2023 5072 differunt,
2045 5019 2085 5070 10

1200 5072 1269 5141 quod
1281 5073 1329 5126 buc
1342 5091 1393 5127 nou
1407 5065 1497 5127 habeut
1509 5077 1612 5130 titulum
1624 5079 1743 5146 pienum,
1754 5081 1799 5134 sed
1811 5093 1912 5140 tuntum
1927 5090 2024 5144 inscri-

1200 5155 1290 5221 betur,
1314 5157 1563 5228 Unterllsuenigttes
1576 5164 1721 5218 memorial
1732 5184 1770 5219 att
1783 5168 2024 5228 limatur-Piis·-

1198 5240 1242 5292 ell.
1256 5239 1367 5294 Durcbi.
1381 5259 1413 5295 eu
1428 5241 1628 5316 Brundettbnrg.
1642 5263 1725 5317 neque
1734 5251 1813 5303 etism
1827 5253 1864 5307 ila
1876 5256 1961 5309 ciendi
1982 5275 2026 5311 ιο·

1201 5324 1255 5386 let,
1274 5325 1313 5376 nti
1331 5325 1438 5393 quidem
1458 5327 1682 5399 supplicationes,
1701 5334 1764 5388 licei
1789 5337 1880 5406 prunis
1898 5341 2020 5396 ettierutn

1200 5407 1245 5456 hic
1263 5411 1343 5460 saciet
1354 5431 1361 5471 t
1374 5427 1433 5460 susm
1447 5411 1474 5462 in
1489 5413 1602 5466 Sasonis
1613 5416 1668 5468 site
1679 5419 1830 5487 obsignatae
1845 5423 1900 5476 sire
1912 5441 2022 5492 apertae

1200 5509 1290 5561 preces
1307 5495 1465 5562 offeruntur,
1481 5515 1587 5568 semper
1597 5502 1690 5555 titulus
1702 5505 1804 5575 integer
1816 5507 2020 5564 inscribendus.

1200 5575 1280 5644 Cujus
1289 5581 1448 5633 ebtsnduttlit
1466 5587 1629 5637 ceremoniae
1646 5588 1703 5643 loon
1721 5589 1749 5642 itt
1767 5591 1823 5642 essin
1837 5591 2018 5646 brandenbur-

1199 5661 1264 5730 qim.
1274 5663 1366 5716 utilius
1383 5679 1531 5738 receptum,
1551 5682 1577 5722 nt
1597 5689 1697 5726 summu
1724 5691 1831 5747 precum
1856 5681 2023 5749 partiente·
