4444 6214
943 269 1132 326 DtsPttttt.
1153 269 1197 322 tt.
1217 269 1331 328 csrtt‘t
1354 274 1387 326 tt.
1907 265 1959 320 ild

381 285 435 334 ΞΠ

331 391 397 434 esset
418 376 543 430 circuitus
563 373 668 446 quidam
689 371 805 442 iniquos,
826 370 847 422 ai
869 367 1011 436 industri
1029 385 1060 422 ex
1081 369 1145 422 actis
1199 369 1343 422 erardeinet
1362 387 1414 422 nna
1432 370 1490 423 dent
1509 369 1677 440 copeylirlsen
1701 365 1858 422 Einseilnss
1885 365 1932 416 mit
1963 375 2013 418 nae·¹

326 479 418 516 eausae
436 459 585 514 criminalis
612 466 712 510 constat
732 457 764 508 de
783 454 880 507 damno
905 455 984 524 partia
1010 455 1144 524 priuatae,
1196 451 1296 505 larena.
1320 450 1405 506 Wenn
1424 454 1495 506 dnnu
1514 455 1585 508 diere
1603 451 1736 508 Crs'minnl
1753 449 1838 502 nacto
1856 444 2015 516 nannetem

326 561 398 598 eeom
419 556 555 598 nocentem
576 542 692 603 relaxet,
712 550 736 594 et
762 549 863 609 partam
884 549 974 608 cogat,
1001 549 1029 590 ut
1052 539 1105 590 alio
1122 549 1145 591 et
1198 533 1325 601 aigetinn
1344 537 1449 590 werden
1469 553 1558 598 muas,
1577 537 1625 588 else
1643 551 1731 604 stegen
1748 532 1888 604 gearrciter
1903 547 2012 600 separo·

325 645 392 682 noro
412 645 537 698 processu
557 636 621 694 egeat.
641 625 713 676 ilino
730 625 810 692 judea
829 623 911 675 etiam
931 624 990 674 siue
1003 623 1088 691 aliqua
1103 639 1144 692 pe·
1196 617 1254 670 tion
1273 617 1366 688 praoad
1382 620 1521 673 uinculum
1542 615 1710 673 matrimonii
1727 616 1776 670 der
1801 616 1919 698 Proceri
1931 609 2012 682 sort·

321 713 424 766 titione
442 722 527 783 potest
546 727 618 764 reum
639 708 814 762 condemnare
832 706 864 759 ad
885 705 1092 760 satisfactionem
1106 705 1145 758 ln·
1198 714 1313 773 geaetzet
1332 703 1407 756 mind.

328 797 492 849 steaunitatia.
512 793 625 847 Cratett.
646 793 742 848 consil.
759 791 820 843 tto.
835 808 863 842 υ.
878 793 904 843 1.
917 809 944 844 o.
960 790 984 842 tt.
1005 790 1049 843 Sic
1067 789 1146 857 judex
1232 788 1284 840 Ata
1302 786 1423 855 iesetslen
1442 787 1494 840 sair
1509 786 1573 841 euela
1592 786 1651 840 alem
1671 782 1751 837 arata
1771 778 1964 847 Magistrntao
1978 783 2014 834 tt.

326 881 476 936 criminalia
495 881 528 934 de
548 893 638 950 stupro
654 880 798 932 commisso
817 889 843 931 et
862 881 916 948 eiua
938 895 1019 949 poena
1038 893 1144 949 eognos-
1194 872 1345 942 gaaottgaa
1364 871 1448 928 nider
1464 871 1571 941 mango
1597 869 1691 923 Titiam
1709 867 1784 921 nine
1806 865 2013 936 Veraugioqoi·

320 983 404 1028 vcoos,
424 966 574 1024 incidenter
594 965 672 1018 simul
692 963 725 1016 de
743 961 878 1016 dotatione
897 975 1047 1034 stupratae,
1067 974 1095 1016 et
1113 961 1146 1014 de
1195 959 1287 1011 steorte
1306 977 1339 1012 an
1357 959 1521 1027 oerlbireu,
1540 958 1597 1011 oud
1622 955 1693 1011 nacla
1710 951 1873 1024 geendigten
1894 953 2016 1022 napata·-

331 1049 466 1103 atimeotis
485 1049 579 1102 infanti
599 1067 631 1102 ex
652 1063 742 1118 stupro
761 1060 893 1119 procreato
913 1049 1088 1119 praestandis,
1101 1067 1145 1100 co·
1197 1040 1268 1092 tinas
1287 1044 1403 1095 Proresr
1421 1042 1462 1097 die
1482 1044 1556 1096 Acta
1576 1040 1654 1094 nebat
1673 1055 1754 1092 aaran
1774 1035 1890 1089 hericina
1903 1055 1936 1090 eu
1951 1037 2016 1107 fer·-

327 1151 451 1203 qnoseere
473 1134 577 1204 poterit.
599 1133 866 1187 inminutionem.
882 1149 1037 1198 menanng.
1052 1132 1142 1185 ‹lean-
1197 1139 1277 1174 'teter
1310 1121 1491 1192 Vernrdnnng
1512 1139 1561 1176 sor
1587 1121 1742 1192 Regiarnng
1766 1117 1824 1174 und
1848 1119 2015 1172 ascensoria

329 1237 364 1271 nn
385 1218 464 1270 sust.
484 1218 692 1288 responderunt:
714 1215 885 1286 Aarsrliemit
906 1215 976 1270 Titia
998 1215 1053 1267 rand
1071 1217 1144 1269 Sern-
1195 1201 1296 1255 sslldt'ssf
1311 1204 1497 1258 elnztttettdm·
1515 1204 1608 1274 Seynd
1625 1215 1675 1256 etc·

328 1303 423 1373 prouio
441 1317 593 1371 ergnngene
614 1298 798 1369 inquisitionis
818 1309 873 1351 acta
892 1300 1148 1368 etc.rpreclaenmir
1199 1309 1202 1316 ·
1233 1292 1254 1346 §-
1273 1286 1315 1337 2⁰.
1335 1285 1400 1339 Cum
1421 1287 1554 1356 hucusque
1569 1284 1733 1356 quaestiones
1750 1282 1875 1353 quaedam
1902 1283 1932 1372 in
1952 1299 2014 1353 pso·

327 1384 477 1436 molinarius
491 1394 540 1435 eto.
555 1401 605 1436 oar
620 1383 717 1436 [tectu
734 1383 803 1436 Das,
814 1382 959 1436 „metaru-
973 1383 1146 1452 sempronia,
1196 1385 1296 1421 cessum
1316 1371 1481 1422 criminalem
1498 1369 1657 1428 incidentes.
1668 1367 1807 1421 ventilatae
1818 1365 1926 1429 inerint,
1940 1383 2018 1437 quse·

328 1487 416 1536 wege„
431 1468 478 1520 (127
499 1467 546 1518 mir
560 1468 633 1518 Tisi.
646 1466 818 1535 petridem
845 1467 966 1520 [samm
983 1466 1042 1518 ,md
1062 1466 1148 1520 dap„
1197 1453 1266 1504 ritor
1285 1453 1329 1504 hic
1348 1470 1426 1524 porro
1447 1452 1658 1506 incidentertan
1679 1467 1756 1515 reus,
1775 1449 1809 1500 ola
1819 1459 1919 1502 certum
1934 1449 2016 1519 quod·

321 1549 461 1620 erfolgten
475 1549 712 1620 Scironengeroog
720 1549 853 1618 pacatam
869 1548 972 1604 Socim
986 1551 1043 1602 pm]
1058 1553 1147 1604 amn.
1198 1534 1257 1588 alam
1276 1536 1378 1589 crimen
1396 1536 1545 1606 quaestioni
1564 1535 1718 1603 subjectus,
1738 1531 1887 1586 incidenter
1907 1531 1941 1586 de
1964 1535 2017 1586 alio

324 1634 433 1686 aeuden
448 1633 516 1686 nocis
530 1630 588 1699 aras
601 1632 625 1684 l.
644 1631 779 1697 Wociaen,
799 1633 842 1686 die
861 1633 933 1685 Titia
956 1633 1021 1688 oder·
1039 1633 1098 1704 nef
1105 1633 1145 1688 11,
1197 1621 1277 1672 etiam
1297 1620 1395 1674 delicto
1414 1628 1574 1692 perpetrato,
1592 1619 1625 1671 de
1643 1636 1694 1688 qao
1712 1617 1827 1686 legitima
1842 1618 1939 1670 tottota
1952 1635 2017 1670 non·

336 1717 408 1783 Tage
418 1734 448 1769 η,
463 1713 630 1784 hesrmffla,
645 1713 932 1787 „ndtfflmffndffi
947 1719 1148 1791 mmmm
1197 1705 1259 1757 alum
1279 1716 1388 1771 extant,
1411 1705 1460 1758 sub
1487 1714 1583 1758 tortura
1610 1703 1768 1773 interrogari
1796 1699 1899 1773 possit?
1926 1701 2017 1757 Primo

330 1807 383 1848 rata
398 1817 430 1851 so
450 1799 597 1851 aotrichrea
611 1799 747 1869 retamim
764 1802 844 1854 Auel,
858 1801 892 1854 552
906 1803 1080 1872 semproni„
1099 1804 1149 1858 mig
1197 1790 1302 1859 quidem
1323 1791 1417 1844 intuitu
1438 1791 1570 1863 proposita
1584 1792 1700 1860 quaestio
1719 1789 1796 1860 plane
1816 1787 1932 1858 neganda
1946 1787 2018 1843 risle·

335 1884 383 1930 der
395 1881 467 1933 Titia
481 1881 555 1934 ito-er
572 1884 745 1952 Arastattoug,
757 1882 805 1939 soie
820 1887 888 1939 artata
903 1903 991 1955 saepen
1012 1887 1145 1941 alimenti·
1200 1883 1250 1937 tur,
1270 1875 1338 1936 ideo,
1359 1875 1426 1944 quoti
1447 1890 1506 1927 reus
1524 1874 1622 1944 absque
1640 1870 1749 1924 indiciis
1767 1868 1962 1924 soilicientilsus
1975 1887 2019 1922 oe·
2044 1945 2049 1958 Ι

330 1981 397 2032 raaaag
412 1964 457 2014 dea
472 1963 581 2029 findas,
597 1983 674 2019 wana
687 1966 725 2019 ,ἕρ
738 1967 831 2022 dnm.
846 1986 960 2039 mm„
976 1987 1039 2041 ,eyn
1062 1974 1147 2041 ww,
1199 1975 1327 2028 quaquam
1345 1959 1392 2010 asab
1412 1957 1551 2012 tormentis
1572 1957 1727 2026 interrogari
1748 1955 1861 2015 debeat,
1881 1955 1898 2006 i.
1919 1953 2022 2008 mttieo

327 2047 383 2099 aiei
396 2048 558 2116 absrsfinden
572 2049 738 2102 verdsrnden.
752 2067 779 2103 u.
793 2068 815 2104 r.
829 2070 861 2108 w·
1199 2041 1224 2092 8.
1243 2038 1265 2112 5.
1285 2041 1310 2092 li.
1329 2060 1350 2094 e.
1364 2044 1397 2096 de
1415 2052 1518 2114 praeest.
1536 2053 1561 2093 et
1581 2052 1609 2092 ot
1630 2051 1728 2094 tortura
1746 2039 1830 2091 locum
1850 2038 1955 2104 haheat,
1974 2037 2018 2091 in·

367 2131 450 2182 Pareo
469 2131 556 2198 judex,
577 2133 621 2202 qui
642 2132 675 2185 de
694 2135 802 2187 termini
822 2135 914 2202 dejecti
926 2136 1041 2190 crimine
1054 2155 1147 2208 eoquo.
1199 2124 1268 2178 diois
1286 2127 1427 2195 legitima,
1445 2125 1565 2194 legitime
1589 2123 1696 2194 probata
1713 2161 1720 2185 ,
1739 2121 1816 2174 etad
1835 2119 2016 2173 defensionem

327 2216 390 2274 erit,
409 2217 441 2264 ale
459 2213 560 2268 finibus
577 2217 655 2269 etiarn
674 2217 791 2271 etatttaer
809 2227 895 2287 potest
913 2235 1069 2289 cognoscere
1089 2222 1107 2274 l.
1123 2221 1147 2278 d.
1200 2208 1326 2277 lmlltlil¹⁰
1345 2219 1405 2262 *¹¹¹0
1425 2217 1553 2261 ’ΝΜ
1574 2207 1783 2270 ⁰⁰¹¹lm¹¹¹¹l⁰⁸¹⁸a
1803 2204 1834 2255 ib
1859 2220 1943 2272 ‘mlii‘
1966 2219 2020 2258 ⁰⁰⁰

328 2303 351 2358 i·
372 2297 515 2368 1-fffin.
530 2300 641 2369 regniaci.
662 2300 700 2351 uti
717 2301 796 2354 etiam
816 2303 896 2369 judex
917 2302 1041 2358 auslelicii
1063 2316 1149 2376 potest
1198 2291 1263 2346 elias
1280 2293 1445 2360 conitanctim
1466 2291 1647 2364 requirentur,
1662 2287 1749 2342 ordin.
1763 2287 2016 2342 crimin.Carol.V.

327 2381 484 2435 incidenter
504 2397 658 2450 cognoscere
683 2382 717 2436 ds
745 2384 895 2438 turbatione
915 2387 1044 2454 civiliter,
1064 2399 1089 2442 et
1109 2391 1149 2442 aio
1196 2385 1248 2430 nrt.
1265 2378 1310 2429 ²³·
1331 2377 1376 2428 ³⁰·
1395 2387 1422 2430 ti
1440 2375 1484 2427 ⁴³·
1504 2375 1598 2444 ibique
1614 2373 1731 2426 Cltfflss·
1750 2374 1782 2426 t'tt
1796 2389 1899 2441 mett·
1919 2381 1971 2425 lm
1991 2371 2020 2424 in

330 2466 397 2517 utile
414 2475 453 2517 est
466 2469 600 2519 cumulare
610 2464 674 2522 haec
686 2466 799 2536 judicis,
816 2468 876 2538 quia
892 2469 1057 2538 prolutiones
1071 2474 1149 2526 sanius
1197 2460 1290 2516 ‘¹0¹le
1309 2461 1459 2534 ptlntlptll·
1480 2477 1558 2532 quem
1582 2459 1797 2529 ’ttttetttnlffllffl
1822 2455 1970 2524 otataosap.
1989 2457 2018 2510 ⁸⁸⁸⁸

323 2563 419 2600 causae
437 2549 540 2600 aiteram
561 2549 694 2617 aaljusaut,
713 2549 831 2619 alioquin
851 2553 1016 2622 probationes
1028 2554 1106 2608 iactae
1119 2558 1148 2608 in
1198 2557 1300 2617 quaest.
1320 2547 1357 2600 ad
1373 2561 1488 2616 procera.
1514 2543 1644 2597 criminari.
1672 2542 1764 2594 decad.
1784 2543 1811 2593 1.
1829 2551 1926 2610 praeeat.
1945 2542 1972 2593 8.
1989 2559 2016 2594 m

326 2645 405 2683 caussa
419 2633 503 2697 civiti,
518 2650 569 2685 oon
584 2630 722 2686 suiliciont
734 2636 767 2686 aal
783 2636 1030 2692 condemnationem
1045 2641 1073 2693 in
1087 2659 1147 2694 cau·
1200 2649 1228 2683 n.
1247 2631 1264 2682 l·
1283 2647 1365 2699 mim
1377 2631 1414 2684 ud
1429 2649 1456 2680 '¹-
1469 2629 1496 2680 9·
1509 2629 1602 2698 Ctilss·
1623 2625 1651 2681 ¹⁶¹¹
1664 2644 1706 2698 ΡΓ·
1720 2625 1795 2678 0'1'0'·
1807 2626 2019 2697 Pan-idwi-

325 2731 356 2766 sa
378 2715 525 2768 criminali.
544 2716 665 2769 menaea.
677 2716 710 2770 de
723 2717 801 2773 retin.
815 2735 886 2786 pora.
899 2721 996 2775 remed·
1009 2725 1033 2776 3.
1047 2745 1073 2777 n.
1088 2726 1149 2779 tit.

328 2796 406 2865 Quod
426 2795 448 2849 si
470 2805 557 2850 tamen
575 2800 653 2866 judex
673 2817 746 2852 mam
765 2818 890 2871 expresse
909 2805 1045 2861 ataotaata
1058 2809 1149 2862 oriani·

327 2880 449 2942 nalitate,
471 2890 532 2932 trane
551 2899 603 2934 non
625 2893 707 2952 potest
728 2885 814 2955 ipsum
834 2885 1147 2945 ciuiliterconalemoare.

331 2962 433 3017 sabao.
452 2965 581 3018 Gasaeein.
600 2975 635 3018 tr.
654 2968 686 3021 de
706 2969 807 3040 dqsena.
827 2971 971 3043 mundes
992 2977 1015 3028 1.
1034 2993 1089 3043 cop.
1106 2978 1149 3030 12.

325 3064 378 3114 per
395 3057 441 3101 tot.

364 3127 388 3200 ᾖ.
410 3134 451 3184 19.
473 3132 607 3186 Praedicta
628 3137 807 3190 irroratione
826 3139 986 3210 quaestionis
1005 3141 1093 3196 ciuilia
1107 3143 1148 3196 in·

329 3214 444 3269 eideastia
464 3217 491 3269 io
508 3235 613 3271 cauam
633 3219 818 3286 criminalem,
837 3231 863 3275 et
883 3225 939 3275 sice
957 3239 1028 3276 rersa
1048 3225 1152 3278 ratione

330 3301 493 3370 quaestionis
518 3304 668 3356 criminalis
695 3305 835 3359 incidentia
859 3307 887 3360 in
913 3325 1018 3360 causam
1045 3311 1149 3363 ciuilem

330 3400 384 3438 acu
405 3383 549 3454 procedunt
568 3388 595 3437 in
613 3387 672 3440 loro
690 3390 879 3456 ecclesiastico,
901 3391 965 3454 ubi,
986 3393 1006 3444 si
1029 3398 1149 3463 quaestio

328 3466 480 3520 criminalia
498 3469 613 3532 incidit,
634 3471 741 3523 brarlaio
761 3477 870 3526 seculari
892 3475 1020 3541 inuocato,
1035 3479 1067 3529 nal
1081 3480 1150 3546 judi-

328 3565 387 3602 cem
407 3568 494 3604 rerum
514 3552 692 3605 criminalium
707 3573 736 3608 ea
757 3558 912 3622 remittitur,
926 3571 951 3611 et
966 3572 1019 3615 tam
1034 3563 1079 3615 sliu
1092 3581 1151 3621 cau·

332 3647 360 3682 aa
379 3649 466 3684 eoram
485 3633 575 3700 ¹judica
593 3637 772 3690 ecclesiastico
800 3641 990 3712 principaliter
1017 3659 1085 3701 mota
1111 3668 1151 3702 ac·

334 3713 456 3780 quiescit,
476 3715 558 3767 donec
577 3733 651 3769 cansa
670 3719 818 3772 criminalis
838 3733 967 3794 tamquam
982 3731 1153 3799 praejudicia·

332 3799 369 3849 lis
387 3797 473 3848 decisa
495 3795 586 3862 luerit,
604 3815 657 3868 arg.
677 3800 696 3853 l.
715 3801 785 3854 nnio.
804 3821 826 3855 c.
846 3805 959 3871 parando
978 3809 1049 3861 aetio
1062 3813 1152 3866 ciuilis

331 3879 460 3951 prnejrrd.
477 3880 613 3934 criminari.
634 3880 683 3931 dut
703 3884 775 3934 euim
798 3885 942 3951 injudicio
960 3892 1091 3944 criminali
1113 3913 1152 3947 ae·

333 3962 432 4030 quitor
451 3965 584 4014 sententia
602 3963 830 4028 condemnatoris,
849 3979 876 4020 et
897 3978 957 4022 tuno
976 3988 1054 4044 snper
1077 3995 1152 4031 causa

336 4045 508 4098 ecclesiastica
529 4048 644 4116 amplius
663 4049 855 4114 procedendum
871 4068 922 4103 non
941 4069 996 4116 ests
1015 4069 1058 4110 aut
1077 4062 1152 4114 ahso-

335 4131 446 4194 laatoria,
465 4141 570 4210 utpote,
588 4133 658 4199 qnod
679 4133 837 4203 imputatum
852 4139 952 4191 crimen
966 4142 1005 4192 ael
1017 4161 1069 4196 non
1084 4149 1152 4198 exti-

339 4215 417 4280 terit,
437 4215 476 4264 sel
497 4231 548 4266 nou
568 4217 634 4268 satia
652 4215 788 4284 probatum
803 4215 892 4283 luerit,
907 4231 933 4273 et
947 4234 1008 4276 tune
1021 4245 1096 4279 cnsasa
1109 4245 1151 4284 ec-

334 4299 489 4361 olesiastica,
502 4317 568 4368 quae
581 4299 715 4369 incanaque
727 4303 891 4370 aliquatenus
904 4304 1040 4373 dormivit,
1055 4313 1150 4364 iterum

334 4383 475 4445 reviviscit,
494 4396 516 4437 et
535 4399 613 4452 snper
630 4387 686 4454 ejus
704 4386 876 4439 ventilatione
894 4390 1004 4442 ulterius
1020 4393 1150 4465 disquiri·

334 4477 385 4520 tur.
405 4467 535 4520 Ponamua
552 4481 657 4519 assuras
676 4468 796 4522 Moesius
812 4471 1044 4528 convenit‘l'itiam
1063 4497 1151 4532 coram

332 4550 420 4619 iudice
437 4551 615 4606 ecclesiastico
633 4553 661 4604 in
681 4563 778 4621 puncto
798 4553 944 4608 malitiosae
964 4555 1046 4614 fartae
1064 4560 1150 4616 deser·

336 4635 432 4697 tionis3
452 4644 477 4687 at
497 4651 554 4687 ctam
576 4635 673 4690 incidat
690 4653 765 4690 caasa
784 4639 936 4693 orinainalis
948 4681 957 4709 ,
982 4647 1051 4714 quotl
1077 4647 1150 4702 Titia

335 4718 465 4770 Maesium
486 4717 615 4770 malitiose
633 4736 683 4772 non
703 4721 787 4772 solum
810 4723 970 4789 deseruerit,
998 4727 1042 4777 seal
1070 4730 1149 4780 etiam

334 4803 433 4853 interea
455 4803 613 4852 nattalterium
634 4804 819 4869 commiserit,
838 4809 956 4872 quaestio
974 4807 1037 4862 haec
1061 4812 1151 4862 crimi-

337 4885 405 4936 nalis
424 4883 555 4946 incidens,
574 4901 632 4936 cum
651 4901 741 4938 causae
760 4889 903 4958 principaii
919 4894 1064 4944 maximum
1078 4912 1148 4963 prae·

333 4967 460 5036 judicium
484 4966 584 5030 laniat,
603 4969 678 5037 prius
706 4987 752 5038 par
778 4970 1002 5040 inquisitionem,
1028 4977 1150 5030 tonitam

334 5067 456 5123 processu
475 5050 620 5116 criminali,
640 5052 734 5106 deduci
754 5053 842 5118 debet,
860 5069 997 5128 antequam
1018 5063 1096 5126 iudex
1115 5066 1148 5115 ad

333 5138 523 5206 separationem
543 5151 588 5188 seu
608 5135 805 5190 dissolutionem
820 5141 920 5194 vinculi
932 5147 1076 5214 conjugalia
1089 5164 1148 5216 pro·

332 5222 405 5287 predi
424 5229 517 5288 queat.
536 5220 614 5271 Hunc
632 5219 660 5271 iu
681 5222 786 5272 modum
807 5223 903 5277 illustr.
920 5230 1038 5294 regimen
1052 5241 1075 5281 et
1089 5247 1150 5280 ooa-

1200 2713 1261 2764 tet.
1280 2731 1306 2765 n.
1324 2713 1368 2766 di.
1387 2713 1431 2768 lii.
1451 2723 1477 2767 et
1491 2712 1535 2766 iil.
1547 2711 1730 2765 Nihilominus
1744 2723 1841 2774 tamen,
1855 2727 1886 2766 re
1898 2712 2019 2766 exactius

1201 2795 1363 2866 ponderata,
1381 2797 1501 2867 quaestio
1519 2795 1646 2866 superins
1664 2796 1761 2872 allata,
1779 2795 1898 2865 ssqnenti
1921 2796 2023 2849 distin·

1200 2881 1287 2934 ctione
1304 2880 1442 2945 adhibita,
1462 2875 1621 2933 affirmative
1639 2878 1725 2936 decidi
1747 2878 1859 2948 poterit.
1881 2879 1928 2934 dot
1945 2879 2018 2934 enlm

1199 2965 1334 3029 delictum,
1355 2965 1457 3035 dequo
1476 2979 1535 3017 reus
1555 2965 1604 3016 snb
1623 2972 1724 3016 tortura
1743 2964 1889 3018 incidenter
1904 2965 2022 3018 interro·

1201 3061 1283 3119 gatar,
1304 3059 1341 3102 est
1361 3047 1478 3117 ejasadem
1499 3047 1609 3118 speciei,
1627 3057 1670 3100 aot
1688 3048 1767 3117 plana
1783 3047 1881 3100 diaersi
1904 3049 2018 3118 generis.

1201 3131 1346 3188 Posteriori
1367 3149 1426 3184 cusu
1447 3147 1507 3184 reos
1525 3130 1575 3182 sub
1592 3131 1744 3200 quaestione
1762 3131 1911 3186 incidenter
1938 3134 2023 3186 totae-

1203 3215 1288 3285 rogari
1309 3217 1402 3286 nequit
1420 3234 1443 3269 e.
1461 3232 1486 3284 g.
1506 3215 1528 3266 ai
1547 3215 1607 3284 quia
1623 3214 1661 3267 ola
1687 3213 1782 3267 iactum
1803 3215 2018 3285 praecedentibus

1201 3301 1329 3370 legitimis
1348 3301 1458 3353 iudiciis
1470 3300 1618 3370 quaestioni
1634 3299 1786 3367 subiicitur,
1806 3317 1860 3352 non
1879 3301 1975 3370 poterit
1988 3303 2025 3354 da

1202 3383 1300 3438 delicto
1321 3385 1451 3446 incendii,
1471 3386 1543 3452 cujus
1562 3379 1723 3434 sufficieutia
1735 3381 1767 3432 ad
1779 3390 1907 3434 torturam
1923 3381 2024 3436 indicia

1203 3485 1254 3521 non
1272 3477 1477 3538 praecesserunt,
1497 3466 1545 3518 sub
1564 3473 1665 3517 tortura
1683 3463 1833 3517 incidenter
1852 3463 2022 3534 interrogari,

1202 3565 1261 3602 euru
1280 3549 1404 3600 delictum
1424 3547 1542 3600 incendii
1559 3563 1619 3599 cum
1640 3545 1823 3598 lurtouullsm
1837 3547 1908 3599 inter
1920 3565 1948 3601 ae
1960 3566 2024 3603 con·

1203 3632 1345 3684 nexionem
1365 3644 1389 3686 et
1408 3630 1611 3701 dependentium
1626 3629 1729 3683 habeat.
1742 3631 1775 3684 dt
1790 3631 1874 3700 priori
1889 3648 1948 3685 casu
1961 3649 2023 3686 reus

1204 3717 1354 3769 incidenter
1372 3716 1406 3768 de
1423 3715 1520 3767 alelieto
1539 3712 1658 3777 ejsudem
1677 3713 1775 3782 speeiai
1794 3714 1843 3766 sub
1868 3718 2024 3784 quaestions

1204 3801 1358 3870 interrogari
1377 3799 1485 3870 poterit,
1505 3798 1674 3868 praeprimis,
1694 3799 1716 3850 ai
1735 3801 1788 3866 jam
1807 3799 1868 3852 dum
1883 3801 2021 3854 lesinscola

1201 3881 1326 3954 quaedam
1346 3883 1444 3935 indicia
1462 3893 1554 3935 eontra
1573 3895 1646 3934 reum
1667 3881 1824 3951 inquisitum
1845 3883 1979 3951 militant,
1999 3903 2023 3938 e.

1202 3985 1227 4037 g.
1245 3968 1393 4038 inculpatur
1410 3966 1470 4036 quis
1488 3963 1622 4034 cujaasdam
1643 3964 1729 4027 lorti,
1746 3977 1771 4019 et
1789 3977 1895 4036 propter
1913 3968 1962 4020 lsoc
1980 3971 2024 4021 in·

1202 4053 1333 4120 culpatum
1354 4051 1464 4112 iortum,
1485 4049 1597 4100 formata
1616 4067 1630 4100 a
1650 4050 1804 4117 magistratu
1824 4052 2019 4119 inquisitione,

1203 4134 1254 4185 alia
1272 4133 1357 4185 'adhuc
1376 4132 1444 4183 lurta
1464 4141 1554 4182 contra
1574 4147 1658 4190 reum.
1672 4133 1706 4182 sie
1724 4129 1788 4182 furti
1808 4135 1941 4198 catiassdaso
1966 4152 2025 4207 spe.

1201 4217 1276 4268 ciniis
1294 4215 1481 4268 commissione
1502 4215 1606 4282 publice
1624 4214 1675 4280 iam
1695 4213 1873 4274 diffamatum.
1892 4218 1924 4268 ad
1937 4218 2025 4289 inqui·

1203 4303 1325 4355 titionem
1344 4300 1559 4360 denunciantur,
1578 4300 1611 4350 de
1627 4299 1723 4368 quilius
1742 4315 1822 4362 rens,
1850 4304 1886 4354 ob
1913 4305 2026 4374 speciale

1202 4383 1302 4437 inrtaam
1321 4385 1508 4454 principaliter
1525 4393 1639 4436 torturae
1653 4384 1794 4448 subiectus,
1813 4386 1963 4442 incidenter
1976 4391 2025 4443 snb

1202 4481 1296 4546 tortora
1316 4470 1472 4537 interrogari
1493 4479 1585 4537 potest,
1599 4468 1660 4520 licet
1679 4469 1781 4522 ratione
1800 4471 1911 4524 aliorum
1930 4491 2024 4544 pes-pa.

1203 4563 1330 4606 tratorurn
1352 4552 1482 4605 iurtorum
1503 4551 1648 4604 indubitata
1668 4552 1769 4604 indicia
1788 4566 1879 4606 eontra
1892 4571 1951 4608 eum
1968 4575 2020 4613 non

1202 4639 1352 4701 extiterint,
1371 4633 1480 4696 suflicit,
1499 4637 1569 4704 qood
1588 4635 1620 4686 ale
1638 4633 1708 4688 iurto
1724 4651 1753 4686 sa
1771 4638 1851 4688 semel
1871 4650 2021 4708 asspectum

1201 4721 1363 4773 reddiderit.
1380 4720 1492 4772 Farinac
1520 4738 1558 4786 pr.
1576 4719 1652 4770 erim.
1671 4717 1704 4770 de
1709 4717 1796 4791 judie.
1810 4731 1836 4773 et
1847 4731 1911 4774 tort.
1923 4727 2024 4793 pam,

1204 4805 1266 4856 1113.
1287 4805 1348 4856 stit.
1367 4813 1394 4855 et
1414 4803 1477 4854 t'tt.
1493 4801 1604 4870 zanger.
1622 4812 1700 4854 treet.
1718 4803 1752 4854 de
1768 4813 1864 4858 tnnrar.
1882 4823 1940 4866 noo.
1957 4809 1982 4862 i.
1993 4827 2021 4866 n.

1201 4889 1225 4940 8.
1248 4889 1329 4940 Paris.
1348 4888 1381 4938 ale
1401 4888 1455 4940 rat.
1475 4886 1503 4939 in
1522 4896 1555 4936 tr.
1574 4885 1610 4938 de
1621 4884 1700 4955 synd.
1713 4887 1871 4942 volturno.
1889 4893 2023 4947 talione

1201 4971 1229 5024 in
1249 4972 1354 5022 modum
1373 4973 1425 5022 Jet.
1445 4968 1579 5022 Scabioat.
1596 4969 1713 5022 Ballene.
1727 4987 1812 5024 mens.
1826 4974 1931 5026 netoir.
1944 4963 2023 5030 asion

1201 5057 1281 5106 idida
1299 5055 1331 5104 eal
1351 5054 1551 5123 requisitionem
1572 5056 1740 5122 magistratus
1754 5053 1861 5107 balteos.
1875 5060 2019 5126 responde·

1201 5153 1277 5194 runt:
1296 5141 1332 5192 So
1352 5141 1385 5192 ist
1402 5139 1504 5207 Ouios,
1523 5157 1602 5192 menn
1621 5155 1652 5190 er
1670 5137 1730 5207 argi
1739 5141 1943 5210 nneimolaiigea
1960 5155 2022 5210 gnt-

1200 5227 1282 5278 lielres
1303 5226 1449 5295 Bqsrogen.
1462 5241 1493 5276 so
1505 5224 1563 5276 nael
1573 5223 1645 5276 diere
1657 5224 1761 5292 heyden
1777 5225 1886 5276 Derrbeu
1906 5227 2020 5294 detriffr,

335 5303 472 5356 aistorinm
492 5301 579 5354 ducat.
598 5302 767 5370 mersinburg·
786 5302 811 5354 ti·
832 5307 876 5357 18.
891 5309 952 5375 jaan.
970 5328 1046 5365 anno
1071 5313 1147 5364 toto.
1201 5311 1288 5362 niclats
1307 5310 1430 5376 ricdtiges
1448 5307 1585 5360 dalreunen
1612 5308 1699 5367 nolte,
1724 5310 1786 5360 dem
1810 5307 2023 5376 Scdnqffrieitar

333 5387 516 5455 pronunciarit
535 5386 607 5438 hisee
633 5385 803 5441 formalibus:
837 5392 900 5442 Wur
925 5395 1047 5448 Maeuius
1068 5397 1151 5449 wider
1200 5411 1231 5445 eo
1251 5393 1433 5463 raotergaieu,
1454 5394 1491 5444 dn
1511 5395 1585 5444 donn
1613 5391 1733 5444 dersellte
1752 5392 1820 5444 ttier
1844 5391 1889 5446 die
1913 5393 2022 5450 sedern

334 5473 429 5523 descen
444 5469 572 5524 Etaeoati
584 5469 628 5524 ds'e
646 5471 743 5524 Titiam
757 5488 846 5542 suspen
858 5473 929 5528 idres
944 5480 1149 5544 tosenneteas,
1196 5483 1326 5544 gariigten
1351 5477 1460 5528 Derideas
1481 5475 1530 5528 mit
1547 5475 1709 5546 aqfnelliger
1731 5475 1818 5528 Weiss
1836 5474 2022 5548 desanptauer-

332 5555 402 5606 sared
421 5554 594 5624 begonqenen
611 5555 771 5609 Etaeaooto
788 5557 846 5609 and
861 5571 971 5615 annsten
991 5565 1039 5616 mit
1051 5566 1148 5618 Bescls-
1200 5563 1251 5613 den
1273 5561 1338 5614 kun.
1356 5578 1385 5614 n.
1405 5578 1427 5614 r.
1446 5579 1478 5614 su.

332 5657 387 5694 saer
403 5641 432 5692 in
449 5639 599 5710 Scdrifften
619 5639 785 5714 angesttlaret
804 5643 861 5696 and
874 5647 1027 5715 gaderico,
1046 5651 1149 5702 rolclsas
1239 5653 1261 5710 ς.
1280 5648 1323 5700 21.
1340 5647 1460 5700 Ulterius
1479 5644 1523 5696 laic
1539 5645 1658 5714 quaestio
1675 5649 1796 5717 emergit:
1815 5663 1848 5699 au
1867 5663 1900 5700 ax
1918 5647 2021 5703 nonies·
