4498 6224
383 228 438 282 oss
894 183 899 262 Ϊ
928 225 1120 282 ntsonrtn.
1136 227 1238 283 xstts.
1256 227 1374 284 curor
1393 231 1425 284 1.
1907 225 1961 278 ιω

336 323 381 378 De
395 322 553 396 exceptione
564 341 591 378 n.
605 342 634 378 n.
644 341 670 393 p.
684 342 722 378 on
735 342 768 380 en
789 321 818 378 in
837 323 953 380 cambiis
971 323 1151 378 ostendetur?

373 425 402 460 n.
422 409 465 459 33.

337 491 470 546 111ιί1111
479 510 532 562 pro
544 489 733 564 affirmativa.
746 510 774 546 n.
787 492 834 546 39.

334 577 396 630 Pro
411 576 553 644 negativa.
566 597 596 631 n.
611 579 656 630 39.

331 661 407 713 llum
420 659 492 714 idem
503 664 634 730 procedat
652 662 677 716 si
693 661 752 734 quia
764 679 823 716 non
835 659 872 714 sit
888 677 904 715 e
915 676 1033 716 nuasero
1046 674 1152 714 userca-

367 743 483 797 torutnl
495 765 523 798 ιι.
536 742 581 796 19.
599 761 657 816 seq.

331 825 377 880 De
388 827 549 896 exceptione
560 827 731 882 excussionis
743 827 773 879 in
786 826 803 877 l.
816 844 841 880 1.
853 845 881 880 n.
894 824 938 878 11.

332 908 378 963 lle
389 911 550 980 exceptione
560 911 718 978 solutionis,
729 909 979 982 praescriptionis,
989 907 1050 964 tioli
1066 909 1150 980 ntali,

368 1013 398 1047 n.
412 994 453 1048 15.
462 1011 518 1068 tep.

335 1079 477 1149 Digressio
490 1081 746 1148 adprobationem.
758 1099 787 1134 n.
800 1080 843 1134 i'l.

332 1164 383 1218 En
401 1165 480 1220 titrts
496 1183 676 1236 comptorum
700 1183 767 1222 num
790 1174 889 1220 contro
907 1162 1018 1219 tertium
1041 1163 1153 1220 resultet

367 1251 519 1320 probatio?
530 1269 557 1304 n.
574 1252 618 1303 lii).

335 1333 408 1400 (laid
418 1333 447 1386 in
458 1343 521 1386 cetu
534 1329 727 1400 rnupotttoote
740 1331 968 1388 obseruandum?
980 1331 1066 1388 1111.

331 1418 378 1473 De
394 1419 640 1472 dentonstratione·
653 1435 682 1470 ιι.
694 1417 739 1468 119.
752 1435 808 1487 seq·

332 1503 378 1558 Ile
389 1521 420 1556 re
433 1513 459 1556 et
471 1502 603 1554 relatione
615 1501 765 1573 iuramenti
773 1501 802 1554 in
816 1500 905 1556 consls.
918 1519 948 1556 n.
960 1499 1006 1556 111.

330 1589 491 1654 Appellatio
503 1587 532 1638 in
544 1585 661 1640 cambiis
673 1585 803 1656 rejicitur.
816 1604 844 1638 n.
855 1586 899 1638 53.

332 1672 457 1727 Creditor
474 1671 583 1724 ratione
600 1671 713 1724 natutae
728 1671 866 1723 trattonti
881 1670 1047 1735 exsolutae,
1072 1682 1148 1741 post·

368 1753 481 1810 modum
499 1772 566 1807 vero
586 1755 638 1808 doc
656 1753 734 1806 bonis
751 1753 876 1818 labente,
894 1772 950 1824 quo
968 1755 996 1805 in
1016 1755 1102 1806 classe
1119 1755 1150 1806 in

369 1838 542 1893 os'ndieando
561 1839 659 1894 uoluta
687 1839 733 1892 ille
755 1837 928 1908 postmodum
953 1837 989 1891 sit
1010 1839 1151 1892 collocan-

366 1923 425 1978 dus.
444 1941 474 1974 n.
491 1921 535 1974 56.

294 2103 309 2155 1
329 2095 353 2153 ς.
377 2091 399 2141 i.
419 2041 621 2160 contemplati
633 2087 759 2144 haetenus
777 2106 865 2145 snmus
885 2087 1010 2145 edoctum
1029 2094 1149 2155 accepts·

327 2175 486 2229 11111111.
505 2175 642 2230 residuum
661 2191 723 2244 ergo
742 2173 829 2226 edituo
854 2175 922 2239 erit,
949 2183 976 2225 nt
1000 2171 1033 2222 sd
1060 2171 1149 2239 ipsum

327 2278 476 2333 processum
497 2279 542 2315 seo
560 2260 683 2313 ordinem
703 2257 861 2328 procedendi
883 2259 911 2310 in
938 2255 1053 2324 negotiis
1077 2271 1148 2306 esm-

327 2345 443 2399 bistibus
460 2344 653 2398 obsecrandum
674 2358 721 2394 nos
740 2351 936 2396 convertemus.
950 2343 979 2392 ln
992 2357 1044 2406 quc
1056 2354 1150 2404 quam·

327 2431 442 2501 plurima
460 2439 550 2480 eontra
569 2426 697 2478 rationem
716 2423 871 2494 disputandi
885 2440 934 2492 pro
948 2421 1064 2473 utilitate
1075 2437 1147 2470 com·

332 2513 407 2564 muni
428 2523 531 2582 recepta
550 2526 616 2573 ease,
634 2509 766 2560 latissime
785 2503 831 2557 dd.
845 2505 944 2574 scripte
957 2504 1055 2572 possim
1070 2518 1149 2571 erpo·

294 2598 312 2649 9
331 2607 406 2648 nunt.
422 2597 455 2650 ln
475 2595 553 2648 modo
573 2591 732 2662 procedendi
747 2591 769 2642 si
782 2587 920 2660 quidpiam
934 2587 1089 2640 celeriorem
1102 2602 1151 2638 ex·

330 2679 491 2750 peditionem
504 2697 534 2732 sc
546 2677 728 2731 executionem
742 2677 871 2744 requirat,
885 2670 1004 2743 proiecto
1018 2671 1068 2724 hoc
1077 2687 1150 2741 prae·

294 2773 390 2826 dsens
409 2765 543 2834 negotium
569 2763 701 2816 ssmbiule
726 2759 869 2830 gaudebit.
891 2756 957 2810 Cum
985 2773 1046 2808 sero
1071 2773 1150 2808 nemo

329 2851 495 2903 commodius
514 2850 548 2901 de
565 2845 665 2900 essnbii
685 2854 777 2896 nature
797 2861 827 2894 ac
843 2839 1015 2911 quslitutibus
1033 2839 1152 2906 judicare

330 2936 433 2996 sulcat,
451 2949 530 3003 quem
549 2930 593 3001 qui
615 2931 643 2982 in
665 2929 720 2981 iliis
740 2937 874 2992 versutus,
899 2925 998 2994 quiquo
1023 2923 1151 2993 requisita

332 3017 547 3088 negotiationum,
568 3030 689 3066 nortuum
708 3011 911 3065 ordinationum
930 3009 1100 3061 eumbialiuttt
1113 3019 1153 3062 st·

331 3119 381 3175 qne
397 3099 591 3154 observantium
611 3097 724 3166 juncti,
748 3113 814 3165 quae
840 3095 910 3148 inter
936 3105 1095 3146 mercatores
1121 3110 1152 3147 ιο

332 3201 481 3256 esmpsores
498 3182 652 3236 obserentur
669 3181 771 3250 optime
790 3182 885 3233 esttcst
904 3189 931 3233 et
950 3178 1093 3245 intelligam
1112 3179 1152 3230 id-

332 3285 416 3339 eoque
436 3271 500 3322 11111
517 3285 578 3320 sune
596 3267 696 3335 judices
714 3282 766 3317 non
786 3265 917 3328 aliunde,
936 3280 1013 3332 quem
1032 3280 1064 3314 ex
1085 3280 1153 3316 mer-

294 3360 446 3415 tcstorout
466 3352 567 3420 gremio
585 3360 664 3403 erunt
683 3347 831 3418 seligendi.
851 3347 955 3400 Etenim
974 3349 1020 3418 qui
1039 3345 1155 3413 negotia·

332 3437 450 3492 tionibus
467 3441 544 3489 unice
563 3435 661 3488 intenti
680 3451 710 3485 ao
730 3431 826 3498 dediti,
846 3431 1067 3484 consuetudinum
1091 3447 1152 3480 sua·

332 3535 393 3572 rum
413 3530 563 3588 reputantur
581 3515 759 3588 peritissimi;
778 3513 942 3567 econtrario
959 3512 1060 3580 judices
1078 3523 1152 3564 extra

332 3602 420 3657 iorum
439 3613 612 3655 mercatorum
632 3600 794 3664 constituti,
813 3615 857 3652 eas
876 3599 964 3650 minus
989 3598 1085 3651 babent
1105 3617 1149 3651 eo·

331 3687 429 3757 guitur,
448 3684 532 3738 artius
551 3701 608 3738 esse
627 3692 730 3735 suomet
747 3681 849 3751 judicio
867 3682 1053 3751 requiescere,
1072 3701 1150 3752 quum

331 3770 444 3823 eliorum
464 3767 612 3821 sententiae
631 3767 780 3831 inhaerere,
800 3767 996 3820 eristimsutes.
1014 3766 1083 3821 coni.
1101 3768 1150 3820 Ni·

333 3854 385 3905 ool.
403 3851 555 3920 Rcdriquet.
572 3852 744 3904 Fcrmosinus
762 3852 799 3904 od
815 3870 878 3919 cop.
904 3851 929 3904 li.
956 3871 985 3904 ae.
1011 3853 1046 3906 de
1065 3853 1151 3921 p‘urlic.

1200 325 1277 389 slilsi,
1296 325 1448 378 ordinatum
1466 331 1518 386 est,
1537 319 1709 378 eonslilntntn
1723 331 1811 378 tenen
1823 331 1874 385 est,
1888 321 2020 390 judicius!

1204 409 1297 459 telonii
1317 409 1366 462 tias
1383 411 1465 462 licent
1489 407 1598 460 Gericlst
1611 417 1661 462 ets
1674 409 1868 478 magistratibus
1879 405 2020 474 oppidanis

1201 490 1330 556 judicium
1349 493 1510 554 eenwrinm,
1530 493 1707 546 seuuntuletse
1718 511 1801 561 germ.
1818 493 1869 544 dos
1886 493 1956 546 Wett
1969 491 2022 544 Ge·

1200 574 1270 625 rielse
1293 576 1417 640 dietum
1442 591 1530 630 corato
1555 575 1602 628 illc
1627 575 1845 628 commerciorum
1866 577 2057 643 praesertim·

1202 659 1417 722 maritimorum,
1436 675 1525 712 eorem
1545 657 1599 712 hoe
1615 659 1737 729 ambigue
1757 675 1892 711 csusaruro
1912 656 1964 710 leta
1986 654 2021 709 sd

1202 753 1376 794 mercatorem
1396 741 1557 796 indistinete
1573 744 1746 812 pertinentia,
1763 741 1940 794 dirimuntur.
1959 739 2019 809 Qno

1202 833 1290 878 tamen
1308 823 1449 878 comitialis
1468 826 1572 894 negotis
1589 827 1633 881 eir
1651 842 1681 878 se
1700 843 1733 879 nc
1751 824 1796 879 tir
1813 824 2022 887 referuntnrmt·

1201 923 1259 982 pote
1276 927 1342 981 quse
1358 911 1390 962 sd
1408 911 1589 978 cognitionem
1603 911 1719 979 supremi
1733 910 1874 980 regiminis
1886 915 2021 978 spectant,

1201 995 1224 1046 si
1243 995 1302 1049 lites
1318 1008 1459 1064 eapropter
1476 994 1583 1047 sitieris
1601 993 1736 1063 indaginis
1754 990 2020 1048 excucurrerunt

1199 1097 1291 1134 musae
1309 1091 1483 1134 comestorum
1500 1077 1545 1134 tiie
1556 1079 1735 1132 commercien
1747 1079 1850 1133 Sallen
1859 1077 1887 1131 ni
1899 1075 2022 1149 sucripti

1200 1167 1305 1218 elector.
1322 1163 1356 1216 de
1372 1183 1412 1218 so.
1433 1165 1551 1217 139111.
1568 1166 1612 1218 12.
1629 1163 1806 1231 roaj.aitioris
1818 1162 1953 1232 iodsginis
1966 1179 2022 1218 nott

1200 1251 1271 1316 siut,
1291 1267 1339 1302 uec
1357 1251 1501 1304 solemnem
1520 1250 1682 1319 judiciorum
1699 1252 1821 1304 ordinem
1839 1251 1986 1320 requirant,
2003 1267 2020 1302 a

1200 1335 1317 1403 supremi
1337 1335 1478 1402 regiminio
1502 1335 1665 1388 consiliariis
1688 1334 1722 1388 de
1746 1334 1864 1405 simplici
1889 1346 1915 1388 et
1939 1336 2019 1406 pinno

1199 1419 1374 1472 deciduntur:
1394 1419 1417 1471 si
1432 1436 1492 1474 sero
1510 1435 1601 1472 mosee
1620 1420 1677 1473 sint
1695 1421 1804 1488 maioris
1824 1418 1974 1480 momenti,
1991 1429 2020 1474 et

1199 1505 1295 1557 accline
1314 1504 1475 1568 iudiciorum
1489 1503 1611 1574 plenarie
1624 1515 1728 1557 serrato
1737 1503 1907 1566 decidendae,
1920 1503 2021 1570 iudith

1200 1590 1286 1642 aulico
1304 1589 1498 1658 eoguusoeoslse
1517 1587 1676 1651 traduntur,
1695 1604 1741 1640 ceu
1759 1597 1868 1656 apparet
1887 1603 1919 1640 er
1933 1597 2024 1644 tenore

1200 1671 1243 1723 all.
1263 1671 1389 1740 rescripti
1404 1709 1410 1730 ,
1428 1671 1499 1740 quud
1519 1679 1604 1723 totum
1624 1669 1732 1724 exbibet
1757 1669 1802 1722 dn.
1827 1668 1920 1724 Grais
1937 1669 1966 1722 in
1984 1682 2020 1723 tr.

1199 1752 1233 1806 de
1248 1768 1375 1820 processu
1389 1752 1460 1823 sori
1473 1763 1546 1822 prnt.
1560 1772 1584 1807 c.
1603 1753 1647 1805 98.
1665 1772 1693 1805 ιι.
1713 1753 1774 1806 199.
1791 1768 1842 1821 quo
1860 1769 1908 1806 nos
1926 1753 2020 1808 remit·

1200 1835 1295 1887 timus.
1314 1834 1384 1888 noni.
1401 1851 1442 1904 pr.
1463 1835 1592 1892 Wectuet
1612 1837 1700 1892 lleclst
1717 1845 1763 1888 ort
1789 1834 1875 1907 final.
1899 1846 1926 1890 et
1949 1839 2017 1892 od.

1199 1937 1272 1972 nntn.
1294 1921 1358 1973 251.

1238 2012 1260 2066 ς.
1280 2008 1305 2057 3.
1327 2007 1385 2060 Rite
1404 2005 1493 2075 itsqne
1509 2005 1653 2063 constituto
1671 2007 1786 2078 iudicio,
1803 2023 1856 2060 nnn
1874 2005 1953 2060 aliter
1975 2009 2054 2076 ist-p

1199 2084 1270 2138 «licis
1288 2088 1338 2141 erit
1356 2089 1486 2154 indicere,
1498 2107 1576 2158 quem
1595 2106 1629 2144 ex
1646 2091 1805 2144 stetntisses
1817 2091 1938 2144 uertentis
1949 2109 2019 2146 mer·

1197 2182 1311 2223 cetorum
1331 2173 1494 2241 illorumque
1512 2173 1645 2240 moribus,
1662 2187 1705 2229 aot
1721 2176 1834 2246 speciali
1851 2195 1866 2228 ι
1884 2175 2019 2248 superiori

1200 2256 1363 2324 promulgata
1381 2257 1573 2311 ordinatione.
1595 2259 1759 2330 Preeprimis
1784 2276 1846 2312 sero
1870 2260 1915 2312 bie
1938 2258 2077 2330 napi-10

1199 2340 1324 2390 ciendum
1345 2349 1402 2404 est,
1422 2351 1449 2390 nt
1469 2340 1497 2391 in
1517 2345 1630 2394 materis
1648 2343 1792 2408 cenobiali,
1809 2353 1901 2412 utpote
1918 2361 2021 2399 morsm

1199 2441 1247 2474 nee
1264 2425 1404 2494 quicquam
1423 2422 1536 2487 terente,
1552 2425 1637 2476 levato
1656 2429 1714 2478 selo
1733 2427 1751 2478 1.
1771 2427 1830 2479 31.
1841 2427 1875 2478 de
1890 2428 2018 2498 nausrop.

1200 2508 1233 2558 de
1252 2509 1371 2576 simplici
1391 2519 1416 2559 et
1436 2509 1534 2578 plano,
1552 2511 1721 2578 cseterisque
1736 2511 1863 2562 omnibus
1880 2512 1941 2564 attis
1964 2531 2021 2564 sm·

1200 2591 1298 2660 putetis
1316 2592 1471 2661 amb-gibus
1489 2591 1657 2661 procedatur.
1675 2593 1805 2646 Geminos
1825 2594 1900 2662 hujus
1913 2597 2022 2668 reisap·
2038 2626 2075 2678 ss

1200 2675 1300 2744 peditat
1319 2678 1461 2745 Murqnard
1481 2676 1514 2730 de
1530 2675 1593 2744 p‘ure
1612 2685 1727 2730 usercot.
1745 2675 1791 2730 ts't.
1811 2678 1837 2730 3.
1853 2694 1913 2743 cop.
1938 2679 1964 2731 ⁷.
1990 2700 2020 2734 ιι.

1201 2762 1247 2812 11.
1266 2764 1383 2816 rationes
1401 2760 1444 2831 (1)
1461 2761 1526 2831 quia
1545 2761 1619 2813 curia
1639 2769 1815 2814 mercatorum
1834 2763 2021 2833 aequiparatur

1198 2844 1393 2898 ecclesiasticae
1411 2847 1460 2912 (9)
1485 2847 1611 2914 quonism
1634 2856 1793 2900 mercatores
1818 2847 2020 2919 peregrinentur

1202 2931 1397 2984 miserabilium
1425 2947 1595 3000 personarum
1622 2931 1771 3001 privilegiis
1797 2933 1932 3003 quotient,
1957 2952 2025 3005 qnae

1201 3033 1307 3087 semper
1325 3018 1472 3070 summurie
1497 3029 1523 3070 et
1541 3017 1681 3071 celerrime
1699 3027 1913 3086 pertractantur·
1932 3019 2019 3076 ldeir·
2042 3051 2081 3104 ss

1202 3119 1231 3154 eo
1250 3105 1332 3172 iungis
1351 3120 1383 3154 er
1402 3122 1483 3173 aequo
1501 3114 1526 3156 et
1545 3105 1616 3156 bonc
1633 3101 1698 3168 (hic
1717 3112 1805 3155 tameo
1831 3121 1884 3156 non
1909 3107 2026 3176 sequius

1202 3187 1359 3252 imaginaria
1379 3198 1403 3240 et
1422 3186 1571 3250 cetebcina,
1590 3205 1681 3240 serum
1701 3186 1800 3240 retinui
1812 3197 1984 3244 consentanea
1998 3202 2026 3248 et

1202 3287 1235 3323 ex
1255 3271 1336 3340 probe
1356 3272 1502 3340 perspectis
1520 3271 1735 3324 circumstantiis
1753 3272 1782 3323 in
1799 3272 1902 3342 legibus
1926 3273 2025 3329 iuoda·

1206 3363 1247 3406 ts:
1264 3355 1461 3422 intelligendu)
1478 3373 1556 3422 qnam
1577 3356 1664 3408 nimio
1683 3359 1780 3426 rigore,
1800 3357 2025 3425 scrupulositate,

1204 3439 1357 3492 subtilitate
1375 3456 1404 3491 ιο
1422 3439 1544 3507 apicibus
1564 3439 1633 3505 juris
1653 3454 1694 3490 res
1713 3449 1776 3490 suot
1794 3438 1991 3506 dijudicsudse.

1240 3529 1262 3584 ς.
1283 3521 1307 3575 1.
1320 3521 1385 3575 Cum
1398 3525 1556 3591 regulariter
1567 3521 1655 3591 quiris
1668 3536 1737 3576 notor
1757 3523 1831 3593 sequi
1849 3536 1967 3578 teneatur
1983 3524 2023 3580 io·
2043 3557 2080 3610 η

1202 3622 1261 3658 rum
1275 3607 1311 3657 tei
1322 3606 1340 3657 l.
1355 3607 1380 3658 9,
1395 3624 1415 3658 a
1431 3607 1462 3659 de
1473 3602 1568 3678 p'ction.
1581 3623 1655 3658 osnn.
1665 3607 1725 3674 ised.
1737 3605 1818 3676 dfln.
1828 3625 1851 3660 1.
1863 3609 1910 3663 uti
1921 3611 1950 3664 in
1964 3626 2023 3666 rens

1201 3694 1283 3744 ectio.
1297 3691 1421 3760 liincqni
1441 3693 1574 3744 actionem
1593 3693 1747 3745 cumbialetn
1768 3705 1807 3746 est
1827 3697 2021 3766 intentntnrns,

1201 3777 1319 3830 instituat
1329 3777 1446 3829 cumulem
1461 3793 1566 3829 necesse
1577 3789 1618 3830 est
1634 3778 1662 3829 in
1677 3777 1733 3830 loro
1741 3780 1872 3834 domicilii
1891 3784 2023 3842 debitoris

1201 3861 1219 3911 1.
1233 3861 1275 3910 19.
1288 3862 1310 3926 §.
1324 3859 1349 3911 1.
1353 3857 1394 3928 ff
1406 3858 1440 3914 de
1445 3857 1532 3932 J'ttdr'c.
1547 3861 1565 3912 1.
1579 3859 1668 3930 ²⁹·ff·
1686 3863 1727 3917 ad
1743 3865 1761 3917 1.
1781 3865 1910 3939 municip.
1927 3879 1975 3924 snt
1991 3872 2022 3925 in

334 3945 439 4006 quaest.
453 3933 497 3986 93.
508 3952 535 3984 ιι.
551 3936 574 3988 t.
588 3933 676 3987 soce.
689 3935 874 3989 decommerc.
888 3935 909 4004 §.
924 3939 951 3988 t.
963 3948 1068 4009 quaest.
1080 3938 1106 3988 9.
1123 3957 1150 3992 ιι.
1199 3945 1259 3996 Ιοοο
1271 3955 1423 3996 contractus
1436 3946 1559 3998 celebrati
1576 3947 1593 3997 1.
1607 3948 1633 4000 9.
1654 3949 1680 4000 3.
1696 3945 1731 4016 ff.
1749 3951 1782 4003 de
1803 3953 1883 4006 reiut
1897 3957 2022 4012 uiuunt

332 4018 376 4072 99.
394 4023 469 4088 Vogt.
487 4019 522 4073 de
537 4020 620 4072 corni.
638 4039 667 4089 p.
687 4038 720 4073 m.
742 4021 805 4072 991.

298 4121 317 4174 3
369 4109 392 4168 ς.
411 4103 436 4157 9.
464 4103 580 4157 Proinde
606 4107 633 4157 in
662 4107 786 4174 plurimis
811 4107 994 4160 celeberrimis
1019 4110 1149 4176 emporiis

333 4197 404 4241 certe
422 4187 519 4258 judicia
539 4207 584 4242 sen
602 4189 712 4256 collegis
731 4200 794 4243 sunt
811 4193 969 4255 constitute,
989 4191 1085 4262 quibus
1105 4212 1151 4262 pu·

333 4272 402 4326 blica
427 4271 585 4326 auctoritate
610 4271 759 4341 preelecti,
784 4275 970 4342 negotiationis
996 4279 1151 4344 praesertim

335 4357 473 4410 cembinlis
488 4354 630 4409 admodum
650 4357 727 4426 gnari
747 4359 868 4411 nonnulli
891 4369 1089 4425 mercatorum,
1109 4361 1153 4414 ad·

336 4440 432 4492 mixtis
450 4450 535 4492 temen
555 4437 715 4506 quibusdam
734 4441 774 4495 tel
793 4441 827 4492 ad
847 4441 989 4494 minimum
1004 4443 1108 4498 tuctus
1121 4447 1151 4498 li·

334 4523 440 4588 teratis,
456 4522 502 4592 qni
521 4539 623 4586 omnes,
642 4522 670 4572 in
690 4523 854 4578 cenobiorum
870 4527 977 4580 materis
990 4529 1154 4595 intereuius·

335 4623 447 4676 eumque
464 4603 570 4659 ordinis
588 4617 632 4658 snt
658 4607 805 4677 dignitatis¹
819 4627 965 4680 personis,
990 4613 1049 4667 lites
1072 4633 1155 4670 emer·

299 4695 317 4747 Ι
335 4701 426 4760 gentes
444 4705 602 4758 componere
620 4707 650 4742 sc
668 4691 792 4745 decidere
811 4703 948 4748 tenenturc
963 4698 1154 4766 [ιι-1111111111-

335 4771 432 4824 lodansi
453 4782 611 4826 ostermere
630 4776 835 4829 assecurationis
859 4777 903 4830 alie
927 4796 1020 4832 comer
1036 4799 1090 4834 oon
1108 4799 1153 4838 os·

333 4856 472 4918 turantie,
490 4853 679 4926 Norimberpse
697 4859 739 4912 tte
757 4861 878 4913 diarclcts
895 4863 1050 4931 Vorgeder,
1071 4867 1153 4920 iiam·

336 4937 423 5006 burgi,
442 4940 557 5011 itemque
574 4943 602 4994 io
623 4943 717 5012 dogliu
736 4945 781 4997 die
800 4946 994 5001 Kurtdleister
1010 4948 1155 5020 deprehen·

336 5021 436 5088 dimus,
454 5023 510 5076 sid.
530 5026 557 5078 d.
574 5025 707 5081 Gusltlter
724 5028 758 5080 tie
774 5031 864 5082 camb.
885 5033 925 5085 tls.
945 5037 988 5086 tt.
1007 5035 1047 5088 lit.
1066 5038 1089 5090 1.
1110 5041 1156 5093 sto

335 5103 442 5174 lipsiae
461 5107 595 5177 singulare
612 5111 719 5181 sliquod
740 5113 866 5177 iudicium
885 5134 900 5167 a
919 5118 982 5172 tots.
995 5119 1093 5190 Georq.
1106 5124 1155 5178 ltt.

337 5189 409 5242 elect·
428 5189 490 5243 Sur.
507 5191 705 5259 confirmatum,
724 5197 794 5266 quod
813 5203 957 5269 appelletur
969 5206 1019 5258 dot
1031 5207 1157 5264 Bondels

340 5275 462 5340 (irrisit,
482 5295 569 5333 eoram
589 5299 641 5350 quo
657 5284 746 5334 omnis
766 5287 871 5352 generis
890 5289 976 5357 litigia
995 5293 1064 5345 cirea
1087 5313 1157 5348 mer-

337 5373 452 5415 estnrnm
470 5362 635 5418 obvenientis
655 5365 823 5421 deciduntur.
838 5370 907 5424 cuni.
927 5374 978 5426 ltic.
993 5377 1110 5444 Mylerus
1123 5379 1157 5432 sb

339 5445 501 5501 Eltrenltoclt
517 5451 552 5504 de
569 5451 678 5520 princip
696 5463 721 5502 et
730 5455 820 5507 esurit.
837 5453 899 5521 imp.
917 5469 993 5522 port.
1007 5460 1031 5509 2.
1045 5478 1107 5526 cop.
1121 5463 1156 5514 38

301 5523 558 5602 q§10.sudfin.
576 5545 603 5588 et
621 5546 680 5588 utut
699 5537 727 5590 iu
741 5542 827 5608 petrin
843 5556 898 5592 meu
914 5558 965 5592 nou
979 5543 1085 5610 quidem
1103 5547 1157 5598 sin-

338 5613 426 5682 qulere
443 5616 551 5688 sliqood
570 5618 703 5689 judicium
718 5639 766 5694 pro
779 5622 865 5677 causis
878 5625 1063 5695 cumbisiibos,
1075 5628 1154 5682 sicuti

1196 4027 1390 4099 julioposstt.
1404 4027 1619 4096 conprenderit.
1634 4032 1698 4083 nto.
1713 4034 1799 4086 senio
1819 4053 1871 4104 qno
1889 4037 2022 4096 destinata

1201 4110 1298 4162 solutio
1310 4109 1446 4180 ouffclem
1462 4113 1564 4166 Besaltl
1574 4117 1658 4168 Platn
1668 4117 1686 4170 1.
1699 4118 1726 4168 9.
1730 4117 1770 4187 ff
1783 4117 1817 4172 cle
1830 4140 1862 4174 eo
1874 4124 1947 4188 quod
1955 4133 2023 4178 cert.

1201 4193 1252 4246 loc.
1266 4195 1283 4248 l.
1298 4195 1343 4245 91.
1345 4192 1387 4262 ff
1401 4197 1433 4250 sle
1445 4214 1470 4249 o.
1486 4207 1510 4248 et
1522 4215 1547 4249 a.
1562 4201 1639 4250 modo
1653 4201 1689 4252 ibi
1704 4202 1945 4270 deprehendantur·
1962 4209 2022 4266 fluo

1202 4279 1313 4329 omnino
1326 4275 1390 4330 iacit
1400 4296 1441 4347 pr.
1458 4282 1563 4336 Weclss.
1574 4285 1660 4337 lleclst
1671 4297 1723 4336 ort.
1737 4291 1776 4340 tt.
1795 4291 1866 4358 Quid
1876 4291 1903 4343 si
1913 4310 1977 4346 oero
1990 4293 2020 4346 li·

1201 4372 1277 4416 teroe
1287 4362 1436 4433 comptorit
1449 4365 1579 4418 destinato
1595 4367 1750 4438 locosttlem
1764 4389 1821 4424 non
1840 4373 2023 4431 inuenerint?

1204 4450 1286 4517 Resp.
1298 4466 1357 4502 euru
1372 4467 1423 4502 non
1438 4450 1466 4502 in
1487 4450 1543 4504 loeo
1563 4455 1721 4519 solutionis,
1740 4459 1786 4510 sed
1807 4458 1938 4514 domicilii
1960 4473 2025 4519 totto

1202 4551 1258 4587 esse
1270 4537 1496 4602 conseniendnm,
1518 4539 1615 4593 Guitus
1628 4543 1660 4594 de
1671 4543 1774 4597 credito
1789 4563 1844 4614 cap.
1858 4547 1883 4598 9.
1897 4546 1937 4601 tit.
1951 4550 1977 4602 ’1.
1995 4568 2025 4606 ιι.

1203 4619 1284 4671 9333.
1299 4622 1425 4674 ssoncrot.
1439 4621 1583 4677 Lectae-lus
1596 4636 1630 4677 tr.
1649 4628 1682 4680 de
1702 4631 1793 4681 utteris
1810 4642 1912 4701 quaest.
1933 4633 1977 4687 99.
1995 4653 2024 4689 ιι.

1207 4706 1248 4758 id.
1262 4707 1319 4758 imo
1330 4707 1351 4757 si
1364 4709 1497 4776 continget
1511 4723 1672 4778 proesentem
1682 4713 1823 4782 sliqssando
1834 4733 1892 4769 esse
1904 4732 2024 4789 compnt-

1203 4805 1259 4842 rem
1279 4790 1306 4840 in
1320 4791 1376 4844 loco
1389 4790 1547 4856 solutionis,
1564 4805 1617 4846 tum
1633 4795 1678 4847 ille
1690 4795 1806 4864 ibidem,
1826 4803 1980 4869 praesertim
2001 4807 2024 4860 si
2046 4774 2083 4827 ¹⁸

1205 4875 1278 4927 hoca
1294 4875 1349 4927 loco
1362 4874 1493 4926 domicilii
1508 4875 1591 4930 nimis
1604 4879 1641 4930 sit
1660 4890 1794 4946 remotus,
1816 4883 1847 4934 ud
1870 4887 2024 4944 solvendum

1203 4959 1285 5026 adjici
1300 4969 1384 5028 potest
1397 4978 1443 5030 per
1460 4960 1564 5029 elegans
1582 4965 1773 5032 praejudicinm
1789 4983 1803 5016 a
1817 4965 1863 5018 dn.
1883 4967 1982 5040 Ziplel.
1998 4992 2026 5042 p.

1205 5045 1249 5097 tt.
1258 5052 1281 5106 ς.
1295 5046 1340 5097 91.
1352 5045 1499 5114 collegatum:
1516 5047 1556 5099 Ob
1569 5066 1627 5101 nun
1640 5051 1694 5103 oct
1707 5051 1754 5104 der
1763 5054 1834 5106 locos
1845 5055 1896 5108 cler
1908 5055 2025 5112 11911111-

1203 5131 1325 5199 ondlong
1335 5131 1406 5182 nacls
1420 5131 1525 5200 Dunsig
1543 5133 1703 5196 destiniret,
1726 5138 1785 5190 und
1806 5138 1962 5211 derewegen
1980 5145 2026 5198 tlia

1205 5214 1332 5284 Zoilung
1343 5211 1504 5269 doseldsteu
1524 5217 1640 5280 sueltenp
1660 5217 1784 5274 diesoeiln
1810 5227 1880 5277 uder
1901 5228 2026 5284 dennocd

1208 5296 1318 5367 Doncig
1334 5299 1459 5350 condier
1477 5299 1537 5353 weit
1556 5305 1697 5371 redegere,
1720 5308 1778 5358 und
1795 5309 1843 5363 der
1858 5315 2028 5369 Scdsclrlener

1206 5376 1319 5431 duseldst
1330 5396 1360 5431 so
1373 5381 1436 5432 111111
1446 5383 1521 5434 nt'clst
1529 5385 1708 5454 nneutrgffen.
1717 5389 1753 5441 So
1766 5397 1861 5461 mdpen
1877 5397 1910 5448 Ν.
1925 5397 1960 5450 Ν.
1973 5399 2027 5451 Er·

1206 5460 1256 5511 den
1271 5460 1316 5513 iltn
1327 5463 1351 5534 ι’.
1370 5479 1397 5532 g.
1417 5483 1505 5534 wepen
1527 5467 1616 5520 deren
1635 5473 1757 5524 Weclssel
1772 5478 1923 5544 gegebenen
1946 5481 2025 5534 tono.

1205 5544 1292 5596 lltlslr.
1307 5547 1404 5598 ollln'er
1416 5548 1444 5600 in
1461 5549 1569 5622 Leipzig
1581 5571 1613 5605 sn
1632 5555 1729 5608 wieder
1755 5559 1940 5632 Vergnllgung
1956 5563 2029 5618 nord

1212 5627 1427 5686 diciret-licent
1441 5634 1571 5689 ondtslton
1583 5639 1681 5703 lacten,
1694 5641 1753 5695 und
1765 5641 1799 5694 ist
1810 5645 1981 5717 pedocdterp‘.
1998 5663 2026 5720 1·
