4416 6230
380 287 432 338 101

321 392 348 434 et
367 383 445 435 inter.
465 375 536 434 tite
563 386 647 430 tumen
673 374 746 427 Guil.
765 382 785 426 t.
804 393 830 428 o.
849 373 893 424 11.
912 371 1047 441 blyusing.
1073 373 1098 424 1.
1115 391 1142 424 o.

325 464 368 516 21.
384 463 408 516 1.
427 480 454 516 c.
477 463 520 514 11.
543 473 567 515 et
587 461 613 512 3.
633 478 659 514 u.
676 459 720 510 03.
739 456 782 526 (3)
803 458 904 510 cutione
923 471 1024 509 unusne
1042 467 1066 510 et
1086 457 1145 522 ejus

322 549 489 613 meritorum,
509 547 530 598 si
551 565 586 599 sc.
605 553 696 597 cuutre
711 541 833 595 ordinem
849 541 1048 614 praescripturo
1060 540 1088 592 in
1102 538 1146 592 de·

324 631 427 687 cisione
446 642 472 685 et
491 629 634 700 indicendo
653 630 702 681 leta
721 627 773 690 sit,
793 643 816 678 e.
835 643 860 692 g.
880 624 903 678 si
922 635 1010 677 cuntes
1027 638 1084 674 reru
1104 624 1146 690 ju-

323 716 435 770 dicutetn
455 717 508 768 lete
525 717 544 768 1.
560 717 583 768 1.
593 729 637 781 ρι’.
648 729 718 783 quoe
734 721 803 765 sent.
820 708 880 762 sine
894 728 956 777 app.
970 709 1033 760 item
1049 705 1069 757 si
1086 723 1144 759 sen·

329 803 412 856 tentia
431 802 484 853 lete
503 813 593 853 contre
612 801 653 867 jus
670 796 871 850 constitutionis
890 815 912 847 e.
932 811 957 862 g.
976 807 1143 845 usursesusu·

323 902 414 940 esrum
431 884 522 939 deberi
536 885 553 937 1.
570 887 594 937 1.
607 885 630 950 ς.
643 884 668 936 1.
681 883 737 936 oid.
751 883 769 934 1.
783 883 809 936 1.
820 881 932 952 quondo
944 897 1022 944 orco.
1034 897 1092 930 rsun
1104 887 1145 930 ert

325 986 426 1023 necas.
443 970 465 1022 ei
485 986 518 1022 ex
538 966 614 1020 iulsis
634 965 822 1018 instrumentis
836 967 886 1016 loto
899 965 917 1014 1.
933 965 957 1015 3.
970 980 995 1016 c.
1008 963 1145 1032 sinistris.

322 1055 403 1106 doctr.
421 1051 484 1105 edd.
504 1049 647 1106 Wissenb.
659 1051 695 1103 ad
706 1049 748 1102 tit.
761 1069 830 1120 queue
841 1058 909 1102 sent.
920 1049 981 1100 sine
993 1066 1056 1119 opp.
1067 1051 1143 1102 zoes.

322 1136 364 1190 od
375 1135 462 1187 enrnd.
475 1135 517 1186 tr't.
530 1134 621 1189 Strur.
634 1136 664 1186 s'n
670 1133 786 1206 jurispr.
800 1151 915 1188 romono
938 1133 1020 1187 Germ
1041 1130 1107 1202 sor.
1124 1133 1144 1185 1.

324 1217 350 1270 1.
363 1217 403 1270 tit.
416 1218 459 1270 tt.
474 1235 502 1268 n.
517 1217 542 1268 1.

357 1299 383 1374 ᾗ.
402 1303 427 1353 3.
448 1303 520 1353 llere
537 1317 599 1354 rero
620 1299 733 1353 nuilites
752 1299 792 1352 sel
811 1297 994 1369 principaliter
1020 1299 1048 1350 in
1075 1295 1143 1366 judi·

321 1386 396 1437 ciuut
417 1381 574 1444 deducitur,
592 1382 631 1434 rel
651 1381 801 1436 incidenter
817 1397 876 1432 corn
897 1397 972 1433 censs
991 1381 1142 1452 eppeliutio·

322 1469 381 1531 uis,
399 1467 464 1520 sdeo
483 1479 510 1520 ot
528 1465 610 1536 judex
628 1483 686 1518 esen
705 1482 737 1518 ex
757 1461 849 1518 cificiu
868 1467 1007 1520 ettendere
1027 1466 1141 1529 debent,

320 1553 374 1606 etei
394 1550 427 1604 de
445 1569 473 1604 ee
495 1552 566 1604 nolis
586 1550 620 1603 sit
637 1549 706 1602 iuctn
726 1551 826 1605 tuentio
846 1551 917 1604 Gsil.
945 1554 969 1605 1.
987 1571 1014 1605 o.
1035 1551 1094 1604 127.
1113 1570 1142 1604 ιι.

274 1677 279 1686 .
323 1635 368 1688 13.
382 1635 515 1688 intertium
529 1651 588 1686 enen
602 1634 783 1705 eppeilsticne
795 1637 903 1688 collitus
916 1636 1071 1689 cumulatim
1083 1655 1141 1708 pro·

321 1719 453 1790 ponitur,
471 1717 577 1790 qneudc
596 1735 632 1772 se.
649 1737 709 1772 eum
733 1735 763 1772 es
789 1719 947 1774 elterostiee
973 1723 1142 1788 conjungitur

320 1801 410 1870 Myos.
428 1800 452 1854 1.
473 1802 527 1855 obs,
548 1803 593 1856 03.
610 1811 637 1853 et
656 1801 699 1853 tto.
718 1802 762 1854 01.
792 1805 882 1856 Peren.
900 1802 929 1857 in
948 1822 969 1858 c.
990 1814 1011 1855 1.
1037 1805 1140 1876 quood.

320 1900 385 1951 opp.
403 1899 458 1934 non
480 1893 517 1935 eet
536 1886 650 1938 neerei
671 1884 831 1954 seperatim,
852 1896 880 1939 et
904 1900 965 1943 tunc
984 1890 1141 1959 proponitur

321 1968 361 2020 eei
379 1983 426 2036 per
446 1967 552 2018 modum
571 1968 739 2038 exceptionis
755 1981 846 2024 contre
864 1987 939 2038 euru,
965 1975 1009 2041 qui
1037 1983 1140 2026 senteu-

320 2049 375 2104 sire
394 2049 577 2103 executionem
597 2064 682 2122 urget,
695 2061 721 2106 et
740 2067 868 2124 perpetuo
887 2057 914 2109 iu
934 2057 1034 2124 judicio
1047 2057 1140 2110 detinni

321 2135 427 2204 poterit,
444 2151 521 2200 cunt,
534 2151 598 2204 qese
619 2137 775 2204 temporeiie
793 2149 854 2190 sunt
871 2140 905 2193 sd
925 2141 1065 2208 egendum,
1082 2156 1139 2212 per-

319 2225 400 2288 petue
419 2217 470 2270 sint
488 2216 520 2269 ed
538 2217 741 2288 excipiendum,
761 2219 780 2270 1.
792 2223 819 2272 rr'
826 2233 938 2291 pcctnor
949 2241 973 2276 c.
987 2223 1021 2278 de
1037 2236 1139 2290 except.

318 2303 359 2355 eei
379 2317 425 2372 per
445 2301 550 2354 modona
569 2301 688 2356 cesionis
707 2303 778 2358 intre
799 2308 843 2358 30.
863 2323 947 2358 annos
960 2306 992 2359 ed
1011 2307 1097 2362 instsr
1116 2328 1142 2362 e·

317 2384 416 2437 liarntn
434 2383 567 2437 ectiunum
590 2388 769 2458 personalium
782 2397 795 2454 ς’
808 2399 837 2443 nt
855 2390 917 2443 bine
934 2389 1025 2444 irtslie
1052 2392 1139 2462 eppei·

318 2467 449 2522 letionnnt
469 2478 584 2538 tempore
606 2471 750 2525 utilitstern
774 2491 830 2526 non
856 2475 1058 2544 constringent,
1077 2494 1138 2529 cont

319 2553 379 2618 eius
398 2552 434 2605 sit
450 2552 552 2606 diverse
571 2552 604 2606 eit
622 2558 800 2625 appellatione
826 2575 923 2626 cause,
942 2569 968 2612 et
987 2560 1015 2611 in
1035 2569 1138 2614 tentum

326 2633 376 2688 boc
394 2652 501 2699 eerutn,
519 2645 548 2687 ut
567 2636 596 2688 in
615 2637 729 2694 arbitrio
746 2641 843 2710 grersti
867 2641 920 2708 sit,
946 2659 980 2695 en
1005 2645 1139 2712 querelem

936 281 1124 334 Dtst’v'tttt.
1146 279 1190 332 Vi.
1210 279 1326 340 cdtt'r
1347 282 1391 338 11.

1912 279 1964 332 id!

1193 391 1234 444 pr.
1248 376 1299 427 cr'c.
1311 392 1372 444 ecp-
1387 374 1433 426 28.
1446 395 1473 429 ιι.
1490 376 1532 442 10,
1546 375 1685 430 seiuterem
1697 375 1824 430 ceutelem
1839 374 1954 446 resignet
1970 389 2017 446 pto

1197 476 1243 521 eo,
1263 457 1308 526 qui
1327 461 1459 527 querelem
1479 461 1590 532 ellegere
1608 461 1684 514 uelit:
1704 460 1821 515 vitientur
1839 461 1883 514 bic
1900 461 2010 516 omniuo

1197 542 1285 595 biorn.
1304 543 1352 597 ott.
1371 544 1416 596 111.
1438 555 1457 594 ι.
1476 545 1520 596 tto.
1535 561 1585 616 per
1604 555 1652 597 tot.
1671 543 1818 600 Distinetiu
1836 545 1895 600 dete
1919 563 1952 600 ex
1973 564 2016 599 re·

1199 627 1270 679 tione
1287 627 1312 676 d.
1333 626 1437 681 Recess.
1452 629 1532 681 etium
1546 628 1629 696 quuad
1642 627 1772 682 diuersum
1787 626 1918 694 effectum,
1934 647 2011 699 quero

1203 710 1296 774 bubet,
1314 711 1415 766 obtinet
1433 713 1461 766 in
1481 713 1606 766 sereniss.
1624 713 1699 767 eieet.
1720 714 1804 764 nostri
1825 711 1918 766 brand.
1944 715 2017 768 curie

1198 795 1354 863 prouinciali
1374 796 1505 862 direnti,
1525 796 1559 851 ite
1578 808 1662 852 omen
1682 806 1710 848 ut
1738 797 1761 848 si
1782 795 1889 848 nuliitas
1909 797 2015 852 insens-

1197 875 1261 928 bilis
1280 877 1324 943 sit,
1344 877 1378 933 cb
1397 878 1526 933 deiectum
1547 895 1673 949 personne
1691 879 1825 951 judieiset
1839 883 1963 952 partium,
1978 883 2019 939 eei

1196 962 1229 1014 ob
1249 963 1363 1031 neglecte
1383 963 1566 1017 substentielis
1582 981 1726 1034 processus,
1740 967 1780 1018 rel
1799 984 1833 1018 ex
1851 964 1926 1020 islsis
1941 971 2016 1022 testi·

1197 1044 1305 1108 mcniis,
1325 1055 1370 1100 ant
1390 1047 1572 1101 instrumentis
1582 1059 1638 1102 urta
1652 1048 1700 1112 sit,
1715 1059 1814 1102 tentum
1830 1049 1899 1104 intro
1915 1052 1958 1103 10.
1972 1071 2018 1106 est·

1195 1146 1242 1184 nos
1261 1131 1298 1184 sit
1316 1131 1503 1202 propoueuds;
1517 1133 1634 1202 reliquae
1647 1149 1708 1186 reru
1724 1133 1859 1189 nullitatee
1871 1134 2015 1192 secundum

1195 1211 1296 1268 dictum
1317 1231 1370 1268 rec.
1388 1227 1412 1270 et
1431 1233 1547 1270 cemeree
1566 1218 1659 1287 prexin
1679 1217 1748 1271 intre
1763 1219 1917 1272 decendium
1934 1223 2018 1277 iuter·

1195 1299 1258 1364 puui
1278 1298 1375 1351 debent
1393 1297 1446 1352 rit.
1466 1301 1539 1354 cleo.
1555 1302 1615 1354 und
1627 1301 1780 1356 Morirt'scite
1793 1303 2014 1374 IIoffiGerr'cbtr.

1197 1381 1330 1452 Ordnung
1350 1381 1389 1434 tit.
1404 1384 1427 1434 2.
1440 1383 1463 1449 ς.
1475 1384 1521 1436 nit.
1534 1383 1605 1437 scite
1620 1385 1690 1439 nucis
1709 1397 1758 1440 etc.

1228 1473 1251 1530 ς.
1276 1469 1302 1522 ii.
1328 1468 1464 1523 Caeterum
1484 1487 1532 1540 prc
1557 1469 1681 1526 coronide
1706 1473 1783 1543 bojus
1808 1474 2017 1543 dissertetionis,

1192 1563 1337 1620 prseeonte
1355 1553 1399 1606 du.
1421 1554 1546 1610 Prseside
1564 1555 1594 1608 ιἰι
1606 1558 1671 1610 intr.
1692 1560 1729 1613 nd
1744 1576 1828 1625 prox.
1840 1561 1905 1630 for.
1924 1579 1948 1616 c.
1968 1563 2016 1618 nis.

1193 1635 1305 1691 minime
1322 1639 1539 1707 praetereuntium
1559 1641 1622 1694 duxi
1643 1641 1800 1708 edmuuere,
1820 1643 1887 1712 qood
1900 1682 1907 1708 ,
1921 1663 2015 1716 quotu·

1193 1721 1231 1773 ris
1251 1721 1278 1774 in
1298 1721 1362 1776 diss.
1382 1725 1522 1778 recensitis
1541 1737 1566 1779 et
1586 1727 1647 1779 eliis
1667 1727 1753 1781 modis
1772 1729 1915 1798 eppeilutio
1935 1731 1969 1783 sit
1984 1732 2017 1783 il·

1190 1803 1278 1871 licite,
1299 1808 1340 1860 rei
1353 1808 1427 1860 licite
1439 1808 1562 1878 quidem,
1577 1811 1623 1864 sed
1637 1810 1702 1864 etieo
1715 1814 1868 1882 propositis,
1880 1815 1919 1868 rei
1932 1817 2013 1871 etistn

1192 1890 1315 1958 neglectis
1334 1891 1461 1945 remediis
1479 1893 1641 1964 suspensiris
1654 1903 1707 1948 tem
1719 1895 1864 1951 urdineriis
1876 1917 1954 1969 quern
1969 1917 2015 1954 ex·

1193 1973 1385 2039 trsurdineriis,
1398 1976 1450 2044 jem
1465 1977 1491 2030 in
1506 1995 1559 2030 rent
1574 1977 1711 2046 judicstern
1726 1981 1855 2052 prolepse,
1875 1994 1900 2037 ut
1914 1985 2016 2040 nullutn

1191 2059 1305 2128 emplius
1323 2059 1417 2115 iturum
1436 2065 1571 2133 supersit,
1589 2074 1616 2118 et
1633 2067 1686 2134 jorn
1698 2067 1809 2120 omnino
1820 2084 1860 2121 res
1874 2067 2015 2139 desperate

1190 2143 1322 2210 rideatur,
1343 2166 1403 2201 euru
1421 2148 1571 2202 sententiae
1588 2151 1710 2203 exeerttio
1730 2163 1844 2220 urgeturr
1860 2161 1948 2208 tensen
1961 2171 2017 2209 nou

1192 2226 1283 2282 deesse
1295 2227 1380 2285 editoe
1398 2231 1472 2302 perie
1492 2233 1623 2300 remedie,
1642 2235 1740 2305 quibus
1757 2235 1947 2293 condemnetur
1966 2239 2018 2292 sibi

1192 2313 1328 2367 consulere
1346 2318 1448 2386 possit,
1467 2329 1493 2372 et
1512 2320 1659 2372 executioni
1681 2339 1779 2375 morsm
1801 2321 1929 2392 injicere,
1953 2341 2018 2394 quo·

1191 2413 1249 2450 rnen
1268 2397 1447 2470 frequentiore
1463 2415 1574 2473 quutnor
1592 2417 1710 2460 recenset
1731 2407 1777 2460 dn.
1797 2409 1907 2462 Praetes
1931 2407 1959 2464 in
1989 2411 2018 2466 d.

1190 2477 1292 2534 intend.
1306 2483 1356 2536 nli.
1367 2503 1426 2558 cop.
1438 2504 1519 2556 quern
1538 2487 1597 2542 ride
1616 2500 1642 2542 et
1660 2492 1778 2544 consule.

1226 2559 1249 2634 5.
1262 2567 1308 2618 ult.
1327 2566 1361 2621 lit
1380 2569 1443 2624 bsec
1461 2583 1579 2642 sumpto,
1598 2573 1708 2628 cendide
1726 2576 1825 2643 lector,
1843 2595 1909 2648 quse
1921 2577 1953 2634 de
1966 2601 2013 2653 sp·

1191 2649 1334 2716 peilatione
1353 2654 1443 2709 illicite
1462 2667 1489 2711 et
1508 2659 1655 2728 superflue,
1678 2679 1728 2730 pro
1747 2661 1928 2734 disputatione
1941 2666 2018 2722 ineo·

323 2721 456 2773 nollitetis
471 2736 559 2774 curent
579 2721 681 2789 eodem,
699 2724 740 2776 rel
758 2740 844 2778 eorem
857 2723 1140 2796 jndiceeppelletionis
1189 2732 1273 2799 gurali
1293 2734 1417 2791 bectenus
1434 2738 1469 2790 ob
1488 2740 1616 2810 temporis
1636 2743 1775 2812 penurism
1796 2762 1858 2800 ruux
1878 2759 1904 2802 et
1918 2749 2018 2806 insten-

322 2819 430 2857 ntceere
449 2804 523 2871 eettt,
542 2805 595 2858 nisi
615 2807 719 2861 nullites
740 2809 881 2862 commisse
902 2830 914 2864 s
933 2811 1021 2880 judice
1039 2811 1142 2882 delegs-
1191 2823 1243 2866 tetn
1265 2817 1496 2888 inauguretioneua
1516 2824 1665 2880 scedemiee
1690 2826 1876 2885 fridericisnee
1898 2835 2016 2888 conscri-

325 2895 368 2950 to;
387 2889 427 2941 sie
445 2889 517 2942 eninr
535 2907 623 2943 curent
644 2889 881 2962 iudieedelegonte
896 2896 1023 2948 murends
1035 2899 1140 2966 querele
1191 2898 1254 2952 bere
1274 2901 1371 2970 lienitg
1388 2905 1413 2957 si
1431 2905 1496 2976 qnid
1526 2909 1671 2973 omissuro,
1698 2931 1747 2982 pru
1774 2915 1938 2972 botusnitete
1962 2930 2021 2974 tuee

320 2969 375 3024 eid.
394 2971 440 3024 dn.
458 2973 545 3026 Prees.
563 2973 592 3027 r‘o
607 2973 672 3027 intr.
684 2973 740 3039 for.
754 2993 778 3028 c.
792 2978 837 3032 33.
851 2979 873 3044 §.
886 2979 929 3030 33.
946 2983 1022 3033 zoes.
1037 2981 1063 3034 d.
1075 2979 1139 3049 ιβ.
1191 2983 1362 3054 aestimabis,
1380 3007 1432 3042 non
1453 2991 1565 3045 formem
1594 2995 1692 3062 prolixi
1717 3000 1804 3068 operis
1829 3017 1872 3054 me
1895 3003 2016 3058 molitum

313 3068 345 3112 ct
357 3056 399 3110 dd.
412 3058 446 3111 nb
458 3057 493 3112 ιἰἰ
504 3059 643 3129 allegatos.
658 3061 730 3132 Quid
751 3079 810 3116 reru
827 3081 859 3116 ex
880 3081 928 3117 nstt
942 3063 1135 3133 ioriubtiueet,
1188 3082 1260 3130 esse,
1280 3069 1324 3122 sed
1345 3072 1411 3124 mibi
1432 3072 1574 3140 suiiicere,
1595 3096 1698 3134 snmruo
1719 3081 1810 3135 indice
1828 3086 2019 3158 principaliore

317 3140 394 3196 ducet
410 3142 484 3200 Geli.
503 3145 530 3196 1.
550 3145 607 3198 obs.
623 3147 684 3198 117.
702 3165 730 3198 ιι.
743 3147 769 3198 b.
782 3158 810 3200 et
820 3149 846 3202 ’1.
1189 3153 1315 3224 strigisse.
1335 3157 1373 3210 De
1387 3171 1488 3214 cestero
1500 3163 1558 3232 styli
1568 3165 1731 3230 eriditetem,
1741 3184 1911 3241 erroresque,
1923 3173 1945 3226 ei
1957 3191 2024 3242 qnos

354 3221 377 3296 §f
397 3224 424 3278 1.
441 3225 481 3280 Ne
499 3235 586 3282 autern
606 3229 645 3282 ite
661 3231 810 3301 promiscue
835 3247 868 3285 ex
892 3231 980 3302 cupite
1006 3233 1137 3289 nullitetis
1188 3235 1252 3290 hinc
1270 3238 1336 3293 inde
1353 3247 1510 3298 commissus
1528 3247 1717 3317 obsereereris,
1732 3254 1855 3309 benevole
1867 3262 2019 3327 excusabis,

317 3307 518 3379 impugnentur
535 3311 667 3365 sententie
687 3331 734 3383 per
752 3332 805 3368 ree.
823 3316 886 3388 imp.
905 3319 939 3371 de
956 3318 1137 3372 nn.1lilii.et
1185 3331 1212 3375 et
1231 3322 1403 3392 bnmsnlteti,
1424 3348 1503 3400 qttsrn
1524 3350 1624 3387 mecum
1644 3353 1810 3392 coutrnunetn
1829 3343 1913 3411 geris,
1927 3343 2015 3420 impu·

320 3391 385 3445 stt.
402 3394 552 3450 Distinctiu
570 3395 678 3451 iurutute
697 3398 770 3453 inter
787 3403 932 3455 nollitstem
952 3404 1095 3457 uttrbiletn
1108 3416 1135 3459 et
1187 3406 1264 3460 tebis.
1282 3409 1379 3464 interes
1399 3413 1454 3468 Deo
1474 3424 1515 3469 ter
1532 3429 1585 3488 opt.
1604 3437 1674 3474 mex.
1691 3423 1788 3493 pretist
1812 3443 1861 3496 ago
1878 3425 2019 3483 deuotissi-

320 3474 514 3543 ittssnabilena,
530 3497 597 3549 quee
616 3481 645 3533 in
662 3498 764 3536 umere
782 3484 935 3540 obsecretur
953 3485 1040 3539 iilum.
1056 3507 1134 3560 prce.
1185 3508 1253 3554 mas,
1270 3495 1500 3553 etsrdeotissirnes
1513 3521 1562 3572 pro
1580 3505 1786 3562 elementissimo
1805 3509 1873 3562 mibi
1892 3529 2015 3568 concesso

316 3577 380 3614 cnm
405 3571 424 3614 t.
436 3563 480 3615 no.
499 3583 527 3618 ιι.
540 3565 565 3616 1.
579 3581 651 3639 seqq.
665 3567 703 3620 ite
717 3580 741 3623 ot
755 3572 911 3638 regulariter
924 3572 1056 3626 nullitatis
1069 3591 1128 3644 que·
1183 3575 1301 3640 euellior
1317 3580 1401 3648 quiin
1415 3595 1544 3654 posterum
1563 3605 1666 3658 quoque
1683 3588 1766 3648 turen
1778 3591 1914 3648 coestibus
1933 3595 2001 3650 meis
2016 3635 2024 3662 ,

316 3643 372 3698 reis
389 3644 457 3699 intre
476 3645 631 3702 decendium
650 3652 785 3718 movenda,
800 3662 827 3706 et
844 3655 1012 3724 eppelletioni
1026 3661 1134 3726 conjon-
1183 3677 1235 3730 quo
1257 3663 1360 3720 lebores
1378 3670 1430 3726 roei
1443 3687 1511 3734 ento,
1524 3687 1601 3742 quern
1611 3675 1666 3742 ejus
1678 3671 1823 3730 destinuit
1840 3677 2015 3750 providentie,

315 3727 347 3796 gt
366 3728 472 3794 debeet,
491 3731 545 3784 nisi
565 3733 601 3785 sit
620 3733 791 3802 iussusbilisr
810 3753 875 3805 quae
901 3739 961 3790 telle
979 3739 1038 3803 sit,
1057 3741 1133 3794 docet
1187 3741 1268 3799 linem
1286 3750 1440 3819 obtinesnt3
1459 3755 1553 3829 cuique
1564 3755 1600 3810 sit
1610 3759 1667 3812 leus
1685 3769 1712 3814 et
1730 3759 1814 3829 pluris
1824 3761 1854 3815 in
1864 3767 2020 3821 aeteruum!

321 3811 369 3866 dn.
388 3815 496 3869 Presses
510 3813 538 3868 d.
556 3817 575 3872 1.
592 3836 622 3872 ιι.
641 3818 686 3872 31.
705 3819 751 3890 qui
770 3829 798 3875 et
816 3820 917 3878 ibidem
934 3839 969 3876 ex
987 3821 1135 3879 Brnuuern.
1187 3830 1333 3889 »Tantomi

682 4019 1220 4102 ntsctt‘rn'rltt
1281 4031 1674 4116 SEPTIMA.

443 4225 553 4338 nu
594 4227 798 4342 nouo
834 4233 1409 4379 ununuuuounttt
1444 4249 1899 4404 uutunuuttn,

974 4477 1005 4522 11.
1029 4480 1126 4526 1111111.
1152 4475 1185 4528 d,
1208 4485 1359 4532 bliiCXClV.

1009 4667 1078 4707 PRO
1101 4671 1319 4738 oratoru.

730 4827 880 4901 Dttvttt
905 4835 1211 4914 STAVlNSIiIUS
1234 4848 1429 4922 neuton.
1453 4853 1598 4926 PRUSS

895 5123 1437 5173 “w—...a

1084 5291 1184 5417 tstt.
1215 5353 1249 5422 J.

318 5467 526 5628 Postquam
548 5529 700 5634 cognatio
723 5529 789 5616 itta,
812 5557 877 5638 qun
891 5539 1041 5608 ntorteies
1052 5542 1139 5611 iulet·
1151 5569 1185 5611 se
1197 5551 1474 5638 conciliabantur,
1490 5583 1529 5626 eo
1545 5555 1648 5654 mugio
1665 5567 1837 5638 virescunt
1853 5575 2004 5644 emittere

318 5620 512 5705 incipiebat,
521 5640 590 5710 quo
601 5619 730 5715 iongtus
741 5621 890 5738 bonunes
906 5636 1105 5702 ceommuni
1117 5637 1231 5729 stipite
1244 5641 1465 5715 discedebant:
1476 5674 1585 5745 neque
1597 5669 1701 5724 stolus
1715 5665 1888 5747 neturnlis,
1906 5685 2005 5757 prout
