4416 6230
571 334 1437 438 nrsrurarrou'nrtra
1765 415 1767 422 .

221 573 344 690 Μ
414 565 1095 714 tuouutttotttt
1166 569 1782 693 bbdllllllfflilb

744 819 799 866 nttt
821 821 882 866 xu.
906 823 977 872 ml·
1001 817 1086 873 tlttto
1109 827 1265 872 ΙΜΧΟΙΠ.

795 1010 1192 1060 ultroneum

533 1169 715 1240 eruco
752 1171 1062 1261 saurauer,
1100 1173 1471 1248 met-ctvon.

732 1383 1274 1434 *w-

922 1557 953 1628 1.
978 1559 1017 1629 n.
1040 1560 1074 1628 s.

765 1735 1240 1838 rnooen1um

158 1887 215 2022 Si
242 1969 331 2040 qnae
354 1943 390 2012 in
414 1945 488 2036 jure
511 1955 731 2038 argumenta,
756 1955 894 2014 tractatu
919 1944 1043 2038 digus,
1067 1943 1153 2012 illud
1175 1944 1218 2013 de
1241 1945 1496 2039 probotionibns
1518 1946 1665 2038 prolecto
1687 1945 1782 2038 digni
1792 1945 1850 2014 ssi·

157 2063 250 2106 mum
272 2054 343 2117 est,
367 2053 483 2128 utpote
505 2035 595 2129 quod
618 2035 808 2117 necessitas,
833 2035 958 2104 utilitas
978 2049 1009 2104 ct
1025 2035 1171 2128 dignitas
1193 2060 1365 2106 summum
1380 2037 1416 2104 in
1432 2035 1568 2105 modum
1592 2035 1846 2104 commendant:

155 2139 282 2218 quanta
307 2125 542 2219 probationum
565 2124 759 2194 necessitas?
781 2125 918 2193 Illarum
942 2125 1147 2194 adminiculo
1162 2126 1333 2198 destitutus
1355 2127 1473 2220 judex,
1487 2127 1562 2196 lites
1577 2128 1663 2219 justa
1688 2125 1846 2194 dirimere

156 2217 247 2286 baud
274 2216 360 2284 salet
382 2217 563 2302 sententia,
588 2229 761 2306 propterea
786 2216 876 2310 quod
900 2215 1155 2310 haudquaquam
1178 2217 1220 2285 sit
1236 2217 1470 2303 meinuvercus,
1491 2240 1600 2325 neque
1623 2217 1665 2284 dc
1688 2215 1848 2298 occultis,

155 2307 249 2400 quod
273 2305 375 2374 sollus
394 2306 550 2374 omnisoii
572 2323 635 2390 est,
657 2305 804 2396 judicare
827 2308 946 2374 valeat.
972 2307 1220 2414 Unusquisque
1243 2305 1383 2398 insuper
1405 2303 1610 2398 litigantium
1642 2328 1761 2374 causae
1794 2305 1850 2372 rel

153 2395 381 2555 :ttllllt‘
400 2394 1035 2577 lll'lmdtll,llllttllll’
1048 2395 1349 2556 ,llllesllll
1373 2398 1610 2575 ''lllll'lff
1618 2395 1848 2552 ellidii?

154 2593 211 2644 tus
243 2577 344 2641 totius
374 2579 628 2644 coutroversiae.
660 2573 822 2642 Pacianus
844 2577 906 2644 tto.
937 2603 965 2644 r.
987 2567 1192 2670 de'probat.
1218 2602 1250 2646 c.
1276 2577 1306 2644 5.
1330 2534 1369 2649 nl
1392 2575 1424 2664 4.
1448 2515 1583 2665 Quaiitt
1611 2575 1845 2666 probationum

154 2662 309 2734 utilitas?
324 2665 421 2755 Quae
443 2666 535 2732 velut
557 2689 698 2732 oceanus
722 2679 826 2734 totum
849 2668 952 2742 ferme
975 2669 1027 2758 jus
1050 2669 1215 2747 inundat,
1240 2665 1513 2760 quondoquidem
1534 2666 1692 2734 omnibus
1715 2667 1750 2731 in
1774 2663 1847 2734 soro

152 2757 249 2826 cirili
276 2755 495 2822 controversis
522 2754 709 2822 actionibus
738 2757 968 2845 probationum
1000 2780 1064 2848 ope
1093 2759 1179 2851 leges
1206 2758 1428 2849 applicantur.
1457 2757 1545 2822 lliuc
1568 2751 1766 2824 Gotbol'red.
1795 2753 1847 2822 ad

153 2847 254 2916 rubr.
277 2843 323 2912 de
349 2844 484 2935 produt.
513 2867 619 2936 neque
647 2846 728 2933 jus,
752 2847 888 2938 inquit,
910 2870 1019 2938 neque
1040 2849 1203 2916 voluntas
1228 2847 1403 2935 defuncti,
1448 2847 1605 2938 uirquom
1628 2862 1760 2937 potest,
1790 2844 1850 2912 ubi

148 2931 321 3032 probatio
346 2933 459 3026 deficit
484 2935 511 3002 l.
538 2935 588 3002 30.
599 2937 646 3026 ff.
669 2935 715 3002 de
739 2949 871 3004 testum.
896 2938 990 3004 turci.
1015 2950 1047 3004 et
1070 2938 1184 3007 Jacob.
1211 2939 1252 3005 de
1275 2937 1396 3004 Sancto
1419 2867 1543 3041 georg.
1567 2937 1607 3002 in
1631 2933 1732 3003 rubr.
1750 2936 1788 3026 ff.
1805 2933 1850 3002 de

149 3027 300 3122 probat.
324 3049 357 3092 n.
384 3023 416 3090 8.
440 3047 457 3090 a
483 3025 677 3114 probatione
700 3025 869 3092 descendit
891 3027 1000 3096 omnis
1023 3027 1091 3096 iere
1113 3026 1178 3096 iori
1201 3027 1391 3096 contentiosi
1416 3026 1563 3118 justino,
1585 3047 1674 3116 quae
1703 3049 1744 3092 ex
1771 3027 1851 3092 aretis

155 3131 190 3184 et
217 3116 368 3210 probatis
392 3137 410 3180 a
433 3113 545 3206 judice
568 3112 791 3183 distribuitur.
816 3117 928 3207 Quam
953 3117 1186 3209 probationum
1209 3117 1404 3210 dignitatem
1431 3115 1519 3182 baud
1543 3114 1734 3221 vulgarem,
1750 3114 1777 3184 si
1793 3115 1850 3181 ni·

152 3207 203 3278 lril
235 3218 419 3300 praeterea,
442 3203 495 3272 rel
518 3205 582 3271 sola
607 3205 797 3360 loquuntur
819 3210 964 3274 encomia
990 3209 1025 3276 in
1050 3212 1125 3299 jure
1148 3208 1217 3276 illis
1238 3209 1375 3298 adjecta.
1393 3205 1550 3273 Probrtio
1565 3229 1654 3272 eorm
1680 3206 1744 3274 luci
1760 3227 1850 3271 com·

151 3311 297 3388 paratur
320 3296 346 3362 Ι.
372 3294 432 3360 ult.
456 3319 485 3361 c.
509 3294 553 3361 de
571 3320 639 3387 pro
661 3311 708 3364 ot.
734 3309 867 3365 vocetur
890 3297 1002 3364 lumen
1028 3298 1176 3365 veritatis
1199 3298 1226 3366 l.
1252 3298 1282 3384 4.
1306 3300 1344 3364 in
1362 3295 1428 3386 fin.
1453 3319 1485 3363 c.
1505 3293 1548 3362 de
1570 3311 1713 3386 tempor.
1737 3311 1770 3362 et
1794 3317 1847 3361 re-

148 3412 244 3545 pori
258 3385 428 3542 “PP⁶²{5²‘·.
440 3383 529 3452 Cum
545 3385 813 3494 crgouspecimeu
837 3386 972 3545 aliqpqd
995 3386 1215 3456 academicum
1234 3387 1315 3454 mibi
1334 3405 1545 3540 patronorum
1558 3391 1662 3542 d'ussu
1679 3383 1848 3543 'egendum

149 3499 1847 3660 :31²nltt’llt‘sswlll‘ll?”llll,llllllltltfflslssgltltsllmllsm.⁰‡‘ttl;,l53

153 3671 329 3753 quantum
355 3657 524 3744 inquirere
547 3654 659 3736 licuit,
682 3657 863 3747 specimine
886 3655 1068 3724 academico
1093 3658 1240 3724 nondum
1257 3657 1459 3740 discussum,
1474 3655 1595 3724 scilicet
1613 3654 1655 3722 de
1668 3653 1847 3748 probatio·

152 3775 199 3818 ne
216 3749 423 3840 semiplena.
448 3745 619 3836 Equidem
643 3745 680 3811 iu
705 3748 859 3838 ingenio,
883 3747 920 3812 in
944 3747 1086 3840 negotiis
1110 3746 1295 3816 forensibus
1317 3747 1512 3826 exercitato,
1535 3747 1576 3815 ad
1600 3750 1672 3835 ejus
1699 3745 1847 3814 elebora-

154 3845 293 3908 tionem
316 3860 401 3928 opus
426 3835 509 3920 lure,
534 3851 568 3902 et
591 3836 669 3902 bino
693 3859 744 3902 me
767 3860 866 3920 onus,
889 3839 944 3903 cui
969 3835 1112 3904 serundo
1137 3839 1243 3928 impar
1266 3859 1358 3916 sunt,
1380 3849 1626 3926 suscepturum,
1643 3835 1737 3902 secile
1751 3859 1847 3926 pruo-

155 3930 339 3998 sidebams
365 3948 480 3994 serum
505 3924 656 3993 benevoli
683 3924 810 3993 lectoris
835 3931 966 3994 reniam
990 3949 1028 3993 eo
1052 3927 1180 3994 facilius
1206 3927 1287 3994 milri
1314 3929 1492 4015 promitto,
1520 3949 1587 4016 quo
1617 3926 1730 3993 minus
1758 3927 1847 3990 ritu·

153 4020 255 4114 perio
278 4017 419 4110 dignum
444 4012 549 4082 illuds
573 4017 609 4081 in
637 4016 762 4106 maguis
785 4015 926 4084 soluisse
949 4034 998 4084 sat
1020 4034 1077 4084 est.
1101 4015 1230 4109 Collegi
1254 4027 1428 4105 eapropter
1449 4039 1489 4082 ex
1512 4016 1612 4084 variis
1634 4014 1845 4105 auctoribus,

153 4133 248 4204 quae
273 4107 315 4172 ad
340 4108 447 4172 thema
470 4104 528 4171 boc
553 4104 788 4174 illustrandum
811 4109 1047 4186 occurrebant,
1070 4119 1103 4172 et
1128 4105 1191 4172 Dei
1215 4104 1354 4174 conlisus
1381 4105 1560 4191 ad'utorio,
1587 4127 1608 4170 o
1651 4104 1727 4171 llam
1760 4103 1844 4171 banc

151 4196 379 4290 sequentibus
402 4193 636 4262 includendam
661 4198 773 4262 censui
799 4196 990 4288 capitibus,
1017 4219 1159 4286 quorum
1190 4195 1217 4263 1.
1245 4195 1287 4260 de
1315 4127 1516 4284 semiplenae
1545 4219 1605 4286 pro
1649 4194 1748 4261 tionis
1776 4195 1846 4261 exi-

153 4289 297 4356 stentia.
321 4285 366 4352 ll.
391 4284 432 4350 de
461 4286 616 4353 essentia.
641 4284 707 4352 lll.
737 4285 780 4353 de
801 4286 973 4354 divisione.
1003 4287 1063 4356 lV.
1088 4285 1130 4352 de
1154 4285 1335 4378 speciebus.
1361 4284 1405 4353 V.
1429 4285 1471 4352 de
1499 4283 1613 4354 ellectu
1641 4285 1721 4380 agit.
1744 4281 1844 4375 Quod

150 4381 360 4448 institutum
384 4375 466 4443 ielix
488 4374 706 4468 leuatumque
728 4399 799 4444 esre
822 4377 935 4468 jubeat
958 4376 1105 4446 Jebova!

843 4543 1092 4615 CAPUT
1139 4543 1168 4611 1.

640 4716 695 4784 De
715 4717 923 4810 semiplenae
941 4715 1157 4812 probotionis
1179 4718 1379 4786 existentia.

401 4887 423 4938 8
444 4890 471 4943 U
487 4889 522 4942 1
536 4888 571 4941 H
586 4889 611 4940 ,t
630 4889 657 4942 rt
673 4891 693 4944 1
707 4891 736 4943 A
1024 4888 1173 4956 somnum
1186 4889 1316 4957 prclctr'o
1335 4887 1475 4944 deducitur
1483 4905 1520 4943 ee
1532 4883 1596 4956 iure
1612 4884 1757 4944 murmuri.
1771 4901 1845 4943 uum.

1064 4975 1166 5029 2⁰:2¹.
1181 4983 1208 5029 st
1218 4991 1289 5044 seqq.

146 5061 316 5126 Ingressus„
327 5069 355 5105 n·
374 5054 402 5106 1·
1026 5059 1076 5114 ns
1081 5060 1147 5133 jure
1159 5057 1266 5130 rigensi.
1279 5077 1306 5110 n.
1320 5057 1363 5109 bb.
1376 5075 1446 5129 sepp.

67 5183 73 5190 .
153 5140 313 5192 Verborum
327 5135 494 5202 eaeplanctio.
506 5155 536 5188 n.
547 5137 572 5188 2.
585 5155 658 5209 sopp.
1028 5145 1078 5198 Be
1089 5141 1230 5200 communi
1240 5143 1364 5198 derorum
1375 5140 1515 5196 sententio.
1529 5157 1557 5192 n·
1571 5137 1615 5191 80.
1629 5139 1674 5190 st.
1711 5197 1713 5204 Ι

147 5223 273 5294 aspiras
288 5219 452 5286 semiplenos
465 5223 590 5292 prodetis
608 5223 650 5278 set
665 5225 726 5279 late.
744 5241 772 5278 n.
787 5225 815 5278 d.
1031 5229 1077 5282 Ex
1089 5224 1364 5298 eomruurripmcticc.
1376 5245 1404 5279 n.
1419 5225 1464 5278 22.
1479 5225 1524 5278 ³³.
1536 5231 1564 5278 et
1573 5237 1646 5294 sopp.

154 5307 211 5358 Vel
230 5306 335 5358 stricte.
355 5322 383 5356 u.
401 5305 427 5358 ’1.
446 5307 473 5356 8.
797 5328 798 5332 ¹

147 5391 226 5462 Ejus
249 5388 406 5444 existentia.
426 5407 451 5442 a.
470 5389 496 5442 9.
1029 5403 1051 5462 ς.
1071 5399 1095 5451 l.
1113 5343 1196 5451 Non
1222 5397 1441 5471 pbilosophorum
1463 5405 1565 5452 tratura
1590 5401 1713 5446 constans
1737 5393 1849 5452 ussello
1884 5415 1900 5466 ¹

146 5474 190 5526 nt
211 5471 319 5525 divisio
336 5488 372 5524 on
388 5470 532 5540 procedat?
549 5491 577 5525 u.
596 5476 640 5526 ll).
658 5491 714 5548 sep.
1027 5489 1077 5542 est,
1089 5477 1195 5533 initium
1207 5479 1342 5535 doetrinae
1354 5481 1618 5552 inquisitionemesse
1631 5475 1779 5529 nominum.
1793 5477 1848 5532 Sed

146 5557 295 5608 Dis-ersus
307 5555 495 5624 opposirrbnes.
510 5573 538 5608 n.
554 5556 598 5610 tt.
609 5575 682 5629 seqq.
1027 5559 1084 5614 icti
1097 5577 1216 5632 quoque,
1236 5574 1361 5635 quotquot
1381 5565 1409 5616 in
1429 5561 1569 5616 doctrinali
1588 5559 1675 5629 legum
1695 5557 1850 5632 iuterpreta-

144 5637 324 5708 Burnmque
335 5638 523 5727 resolutiones.
537 5657 566 5694 n.
580 5643 624 5696 tt.
635 5659 711 5716 sepp-
824 5681 826 5688 1
1028 5641 1099 5696 tione
1110 5644 1246 5716 occup-u,
1265 5646 1333 5700 serio
1351 5643 1537 5700 commendant
1557 5639 1780 5717 significationem
1794 5661 1850 5701 ter·
