4444 6214
363 265 415 315 270
950 243 1139 299 uteretur.
1153 243 1187 294 ’.1.
1202 239 1324 294 [ertit
1344 239 1366 292 l.
1895 229 1947 280 231

308 370 365 405 rum
387 345 572 422 redigere,qni
593 350 728 418 majestate
746 345 785 398 rel
803 339 866 402 hnic
883 341 990 410 analoga
1009 339 1126 410 superio·
1176 335 1210 386 ab
1227 335 1301 388 omni
1331 329 1535 404 imperfectione
1555 329 1672 400 politica.
1691 327 1790 382 liiustr.
1809 325 1855 381 du.
1873 325 1905 380 de
1926 329 2000 382 licta.

316 440 395 490 ritate
416 435 566 490 territoriali
588 429 837 502 qarrdentietbinc
857 443 935 498 saepe
954 427 1013 497 plns
1031 423 1129 476 insitis
1177 418 1408 494 dejunpraddi.
1429 421 1452 468 1.
1471 425 1491 469 t.
1510 413 1571 486 3.§
1599 417 1626 470 2.
1784 495 1790 509 ¹
1874 495 1881 509 .
1952 495 1959 511 .

310 519 455 576 territoriis
474 527 599 589 possunt,
617 533 696 585 quarn
717 512 857 584 imperator
877 509 905 560 iu
925 507 1048 577 imperia.
1214 509 1235 566 ς.
1256 504 1299 554 td.
1318 501 1425 554 Nullum
1445 518 1508 572 ergo
1534 500 1645 553 dubium
1672 511 1729 564 est,
1747 513 1811 568 qutn
1831 493 1932 565 legibus
1951 513 2002 594 ιιι-

346 609 368 664 §-
387 602 415 656 ’1.
433 603 532 652 Verum
553 599 618 650 salva
639 612 679 649 res
697 606 750 660 est,
766 594 788 646 si
808 594 1009 645 disersosoasus
1027 588 1070 640 liic
1088 608 1128 644 se·
1178 587 1248 657 perii
1275 587 1508 654 constringantur,
1527 584 1598 654 quod
1622 587 1661 652 jas
1681 599 1754 636 suurn
1781 597 1871 634 curam
1891 597 2002 632 sorumrs

191 709 196 718 ·
302 702 439 758 paremus.
459 684 510 736 dut
528 683 599 735 enim
625 679 802 733 controuersia
826 685 865 729 est
892 673 924 726 de
946 671 1073 726 exercitio
1089 675 1129 743 ju.
1178 670 1286 742 imperii
1315 667 1513 731 tribunalibus,
1532 684 1586 720 nun
1611 677 1697 720 autent
1710 664 1788 736 forti
1812 665 1859 718 uio
1880 664 2003 736 persequi

311 772 380 821 rium
399 770 431 821 ad
452 767 660 838 superioritatem
683 761 869 816 territoria-lem
891 754 1081 830 pertinentium
1101 749 1130 800 in
1179 754 1334 826 regulariter
1353 762 1504 806 teneanturz
1523 769 1582 806 eum
1601 761 1689 805 mutue
1708 747 1881 802 morantiaco
1899 754 1924 798 et
1945 765 2002 818 prs·

311 850 523 903 administranda
542 848 694 920 prorincia,
708 854 733 895 ct
753 844 803 895 buc
822 841 891 900 siam
912 839 975 892 iacti
996 854 1047 888 non
1067 851 1129 904 per·
1178 840 1289 909 gmatica
1309 836 1416 908 imperii
1436 836 1642 897 constitutione,
1656 833 2002 914 cameraenitupeririisiu·

313 935 397 986 liuere
417 934 492 988 facile
509 935 616 1003 largior.
634 931 681 983 11ιί
702 928 772 981 enim
786 923 1023 998 quisquepriratns
1043 935 1131 973 rerum
1181 923 1365 976 risdictiauem
1387 931 1518 990 tamquam
1537 917 1703 972 ordinariam
1724 917 1775 970 sibi
1797 916 2004 983 constituerint,

318 1034 421 1070 suarum
442 1019 541 1070 arbiter
560 1033 616 1069 esse
642 1014 741 1066 dicitur
759 1013 777 1063 1.
797 1014 840 1063 21.
868 1027 890 1070 e.
910 1007 1003 1060 mund.
1021 1006 1086 1057 adeo
1104 1015 1133 1056 ιιι
1181 1007 1254 1061 Gaii.
1274 1010 1300 1060 1.
1318 1007 1377 1060 cis.
1396 1004 1442 1058 11.
1460 1023 1487 1058 ιι.
1507 1005 1532 1056 ii.
1552 1003 1713 1070 ttataatrtag.
1732 1001 1765 1052 de
1783 1010 1944 1068 reprcunt
1963 1019 2006 1054 ec·

315 1112 341 1153 et
363 1119 392 1154 re
411 1119 454 1154 site
473 1101 545 1152 abuti
567 1101 666 1170 possit,
680 1113 728 1150 uec
747 1109 831 1150 tamen
850 1094 890 1149 ria
910 1092 971 1147 iacti
990 1091 1037 1143 bac
1056 1088 1133 1142 ratio·
1182 1091 1216 1144 ci.
1233 1091 1252 1143 1.
1271 1092 1298 1142 2.
1314 1090 1348 1144 ι1.
1368 1089 1394 1140 2.
1410 1105 1434 1142 c.
1455 1085 1495 1140 11.
1513 1089 1536 1154 §-
1558 1087 1602 1138 10.
1615 1085 1657 1140 cui
1676 1103 1770 1139 ornnes
1789 1083 1898 1154 imperii
1919 1095 2005 1138 status

317 1204 349 1239 nc
368 1186 431 1256 quid
446 1185 545 1240 ‚iecisse
563 1195 704 1236 censentur.
718 1183 757 1234 lta
770 1197 872 1251 qunque
891 1179 1017 1249 princeps
1035 1173 1133 1242 jurium
1183 1175 1274 1228 ordin.
1299 1189 1400 1228 comer.
1425 1187 1448 1225 c.
1467 1173 1492 1222 2.
1512 1171 1553 1224 tit.
1579 1171 1605 1221 ’1.
1625 1171 1680 1224 imo
1700 1171 1753 1240 ipsi
1781 1169 1864 1222 etiam
1885 1168 2008 1222 electores

310 1269 367 1320 sibi
388 1269 592 1339 competentium
624 1266 772 1319 moderator
800 1275 840 1317 est
866 1276 890 1318 et
915 1262 1025 1324 arbiter,
1046 1270 1071 1312 et
1090 1259 1134 1310 itta
1184 1261 1305 1311 subsunt.
1324 1275 1345 1309 r.
1360 1258 1384 1326 ι’.
1404 1255 1438 1310 de
1457 1275 1534 1310 nunc
1556 1255 1634 1306 11118.
1653 1261 1675 1316 ς.
1695 1252 1932 1322 Foigrndsnier:
1952 1253 2009 1312 itit,

315 1366 390 1424 prout
410 1355 462 1406 sibi
482 1355 520 1405 sei
542 1353 606 1421 reip.
626 1353 774 1404 consrtltum
794 1343 1135 1411 censuerit,libereaduri·
1184 1345 1241 1398 und
1264 1342 1349 1394 callen
1375 1339 1571 1408 Cdurftiraten,
1592 1338 1706 1430 Frirrten
1728 1337 1784 1390 und
1808 1336 2007 1430 decendero!-

316 1437 424 1488 niemr,
444 1436 519 1504 Quod
540 1435 562 1486 ai
583 1452 642 1486 iero
662 1435 705 1485 itta
725 1433 866 1503 dispositio
884 1432 1015 1502 principis
1034 1429 1134 1497 diriga—
1183 1423 1258 1475 cliens
1285 1438 1393 1474 ιιιιιιιιιι
1430 1418 1681 1472 KommenGerecdt
1716 1417 1870 1472 Gedcrcum
1902 1415 2006 1469 ierrten.

319 1531 361 1569 tar
381 1521 412 1570 ad
434 1520 500 1570 bona
519 1529 546 1571 et
562 1521 617 1587 jura
637 1518 751 1570 sulnlitis
779 1519 863 1570 semel
881 1515 1012 1584 quaesita,
1033 1524 1136 1566 eatenus
1184 1511 1259 1580 Qrtod
1278 1510 1407 1580 judicium
1428 1522 1548 1558 estserae
1566 1506 1594 1558 in
1613 1506 1714 1568 causis,
1727 1503 1824 1574 quibus
1844 1502 1950 1556 iuudata
1967 1512 2008 1555 est

318 1602 359 1651 ria
379 1601 444 1660 iusti
465 1621 516 1653 non
537 1603 701 1658 carniacum
722 1601 775 1653 sibi
801 1600 935 1651 sindicare
957 1599 1039 1660 solet,
1063 1607 1133 1668 post·
1183 1594 1350 1662 jurisdictio,
1366 1590 1461 1644 irustra
1475 1609 1488 1642 ι
1501 1589 1659 1659 quibusdam
1681 1597 1829 1642 recusatum
1849 1585 1949 1648 inisse,
1964 1586 2006 1635 di·

308 1703 392 1756 ⁴quam
412 1687 531 1738 omniurn
552 1686 684 1740 doctorum
700 1685 931 1739 assensuiuraluit
948 1680 1136 1749 regnlstprin·
1185 1681 1219 1733 cit
1237 1677 1374 1750 diyusiug.
1399 1691 1466 1743 resp.
1495 1673 1538 1727 21.
1564 1674 1646 1728 decis.
1669 1674 1694 1725 3.
1721 1672 1962 1726 antinoensi.
1985 1680 2011 1724 ιι

319 1769 407 1840 ciperu
427 1772 529 1824 nemini
550 1775 591 1840 jus
604 1771 687 1824 semri
698 1772 845 1840 quaesitum
860 1767 962 1821 anierre
976 1782 1061 1836 posse.
1075 1765 1138 1819 Vid.
1187 1764 1231 1815 tt.
1250 1761 1356 1815 Accedit
1368 1795 1376 1822 ,
1388 1760 1457 1830 quod
1477 1767 1584 1828 praeter
1601 1757 1650 1810 boc
1669 1772 1801 1808 summum
1819 1755 1909 1819 aliud,
1921 1758 2006 1806 etiarn

319 1855 393 1907 Patr.
413 1854 508 1908 Antan.
529 1853 561 1909 de
580 1857 653 1910 Prtra
674 1855 778 1925 integro
797 1853 942 1920 tndep'nre
955 1849 1076 1919 quaesita
1088 1866 1140 1915 per
1187 1847 1388 1901 subordinatum
1407 1843 1553 1897 sortiantur
1571 1841 1674 1906 iorum,
1687 1857 1780 1913 nempe
1800 1857 1887 1893 noram
1907 1850 2008 1938 emire-

319 1938 469 2009 princr'pem
489 1956 543 1992 non
564 1939 702 2000 tollendo,
716 1943 738 1988 si
758 1938 814 1999 scil,
834 1937 903 1988 nulia
923 1939 989 2002 iusta
1008 1951 1080 1985 crruse
1092 1932 1137 1986 ad·
1185 1932 1243 2000 gis,
1260 1931 1304 2000 qui
1326 1931 1426 2001 pariter
1445 1927 1565 1980 rananimi
1585 1928 1749 1997 imperatoris
1760 1935 1787 1977 et
1800 1940 1938 1996 procerum
1952 1941 2008 2025 tm·

313 2013 368 2074 ¹sit.
391 2021 466 2091 Quod
487 2023 508 2074 si
529 2040 589 2091 ergo
607 2026 671 2074 'citra
690 2025 785 2086 justam
804 2038 907 2073 caussrn
927 2031 968 2072 aut
988 2038 1078 2072 causae
1096 2036 1139 2071 co·
1189 2017 1255 2087 perii
1275 2031 1403 2069 musensu
1422 2024 1482 2066 suut
1502 2012 1651 2066 constituti.
1672 2011 1765 2066 ordin.
1783 2028 1855 2064 cour.
1872 2027 1896 2064 c.
1913 2012 1940 2064 2.
1964 2017 2004 2061 ιιι.

316 2103 468 2171 Ιςιιὶιὶιιιιιιιι
490 2103 628 2172 illa,qnae
647 2103 761 2154 subditis
776 2105 854 2154 semel
869 2103 1140 2170 quaesita,princeps
1188 2101 1277 2152 decc.
1297 2098 1426 2166 Conring.
1446 2097 1510 2150 diss.
1529 2097 1563 2150 de
1576 2096 1661 2166 judeis.
1680 2098 1771 2165 imper.
1798 2098 1892 2150 Geren.
1917 2097 1942 2163 5.
1960 2097 2004 2149 bd·

316 2185 352 2246 ¹ud
374 2203 400 2237 se
422 2187 521 2250 trabat,
540 2187 650 2239 omnino
676 2187 706 2236 ad
727 2187 794 2238 riam
823 2183 884 2238 iacti
911 2183 959 2234 lino
978 2183 1139 2254 pertinebit,
1187 2187 1232 2237 31.
1253 2194 1279 2237 ιι
1297 2203 1371 2254 seqq.

323 2271 386 2323 dom
410 2273 465 2337 ipse
484 2271 552 2322 circa
574 2285 613 2321 res
630 2271 793 2338 privatorum
814 2266 983 2334 siuejudiee,
996 2275 1023 2317 et
1042 2266 1080 2316 sic
1099 2279 1141 2318 re·
1225 2275 1248 2332 ς.
1269 2271 1314 2320 11.
1332 2268 1389 2320 ttae
1407 2279 1462 2332 est,
1480 2264 1547 2336 quod
1566 2266 1693 2335 objicias,
1712 2265 1827 2318 arbitros
1851 2264 1899 2317 isos
1921 2265 2009 2335 potius

329 2362 399 2402 mota
419 2351 485 2417 juris
504 2354 542 2403 ria
563 2352 689 2421 disponit.
1190 2368 1267 2417 esse,
1286 2370 1364 2421 quam
1384 2351 1503 2419 judices,
1522 2350 1553 2402 ad
1573 2368 1637 2419 quos
1655 2350 1735 2402 etiam
1762 2351 1791 2402 in
1811 2359 1880 2402 statu
1899 2349 2010 2402 naturali

361 2441 384 2495 ς.
403 2435 430 2484 8.
449 2433 507 2486 Non
522 2435 628 2502 quidem
648 2435 740 2484 desunt
755 2433 815 2495 bic,
828 2431 873 2501 qni
893 2433 1040 2503 principem
1055 2441 1078 2483 et
1094 2431 1143 2484 hoc
1192 2437 1298 2489 recurri
1320 2445 1425 2505 posset,
1445 2435 1472 2488 iu
1497 2453 1549 2506 quo
1570 2445 1655 2488 tamen
1682 2437 1815 2488 neminem
1840 2436 1951 2489 alterins
1968 2437 2011 2504 ju-

316 2539 381 2572 rasa
402 2541 415 2570 a
435 2521 474 2570 ria
495 2519 554 2570 iacti
575 2519 687 2571 liberare
705 2520 830 2589 cupiunt,
850 2516 912 2570 dum
937 2517 1005 2587 quod
1026 2519 1081 2584 inre
1098 2533 1143 2568 or·
1194 2519 1279 2572 dicem
1299 2536 1372 2584 csse,
1389 2537 1468 2590 snpra
1488 2527 1510 2583 §-
1531 2521 1556 2570 1.
1575 2519 1675 2573 dictum
1691 2520 1887 2591 est.Quodego
1902 2519 2010 2589 quidem

319 2701 385 2754 ιιι,
403 2691 435 2740 ad
456 2698 610 2760 potestatem
630 2688 764 2758 principis
783 2684 1035 2746 extraordinariam,
1056 2702 1100 2734 ιιιι
1118 2693 1144 2735 ιιι
1193 2685 1297 2753 quando
1316 2689 1445 2738 nimirum
1468 2705 1514 2756 per
1532 2698 1606 2758 pacta
1626 2686 1826 2743 trutinarent
1847 2688 1946 2755 jiuiices
1965 2682 2010 2741 an·

328 2785 433 2836 entant,
452 2773 596 2825 absolutam
618 2769 747 2833 reienrnt,
768 2781 793 2822 ct
814 2769 877 2821 irinc
895 2786 1015 2840 quoque,
1035 2769 1056 2822 si
1077 2767 1146 2836 quod
1195 2771 1314 2840 stregarii
1344 2778 1562 2836 constituuntur,
1580 2772 1613 2824 de
1637 2773 1735 2837 quibus
1753 2773 1805 2827 rid.
1826 2772 1943 2826 Moilest.
1964 2773 2012 2824 Pi·

328 2859 360 2909 ab
380 2859 436 2928 ipro
464 2858 671 2926 gestum,riam
702 2853 760 2909 iacti
782 2871 887 2925 sapere,
906 2867 929 2906 et
958 2856 989 2906 ita
1011 2854 1142 2922 persiam
1194 2865 1258 2906 stor.
1276 2872 1297 2908 ι.
1318 2855 1344 2907 2.
1362 2865 1466 2926 quaest.
1485 2857 1530 2908 73.
1549 2875 1575 2910 ιι.
1595 2853 2010 2926 2.iinipselrilri.defideicom·

326 2942 397 3007 ‚juris
418 2941 564 3010 impugnari
592 2959 666 3010 posse
691 2940 825 2998 sidentur,
846 2941 893 2992 boc
920 2937 1146 3014 repplenr'tradinc
1198 2939 1272 2991 misr.
1282 2938 1380 3008 firmil.
1399 2941 1440 2991 De
1458 2941 1584 3008 austregia
1602 2949 1688 2990 autem
1709 2941 1904 3001 ordinationis,
1923 2957 1966 2990 seu
1984 2939 2012 2991 sl

322 3026 467 3090 potestatis
485 3035 635 3076 excusatum
655 3033 712 3074 eant
723 3063 730 3087 ,
744 3041 865 3093 quorsum
886 3023 1000 3093 pertinet
1016 3031 1145 3074 rsaertum
1194 3022 1379 3075 ordinationis
1397 3023 1537 3074 ramerudis
1562 3024 1753 3095 praescriptis,
1774 3023 1924 3078 eertrttace
1944 3027 2015 3078 Aus-

328 3105 395 3168 dd..
414 3109 482 3176 qnod
510 3107 631 3176 princeps
651 3119 828 3178 praesumatur
854 3107 889 3161 uti
915 3105 1082 3177 plenitudiue
1100 3121 1145 3173 pu·
1196 3115 1300 3176 troege,
1323 3107 1393 3159 idem
1423 3123 1540 3161 asserere
1559 3108 1643 3170 selle,
1662 3107 1744 3157 nimis
1772 3107 1944 3174 incongruum
1964 3115 2013 3158 est.

326 3190 447 3253 testatis,
468 3201 496 3242 ut
515 3203 585 3244 sotus
604 3192 688 3243 valcat
707 3202 733 3243 et
750 3191 1062 3254 sustineatur,Mcnocir.
1081 3206 1147 3256 resp.
1197 3189 1260 3242 Viti.
1284 3189 1382 3244 illustr.
1409 3191 1455 3242 dn.
1482 3189 1515 3241 de
1541 3190 1634 3245 bireta.
1653 3189 1686 3242 aie
1696 3191 1724 3261 j.
1740 3207 1764 3256 p.
1792 3191 1810 3242 l.
1829 3189 1853 3241 1.
1873 3191 1913 3241 tit.
1931 3191 1957 3241 2.
1976 3189 2015 3244 Eo

326 3273 356 3330 3.
375 3272 403 3325 in
424 3291 499 3327 curis.
510 3273 659 3344 fincrienr.
679 3293 705 3326 ιι.
725 3276 768 3326 33.
789 3295 816 3328 ιι.
836 3278 861 3327 1.
881 3275 907 3327 2.
920 3287 945 3328 ιι
963 3275 1017 3328 ιο1.
1037 3277 1058 3325 1.
1074 3292 1147 3328 cana.

327 3357 356 3420 ι2.
382 3375 409 3408 ιι.
434 3358 479 3409 33.
503 3361 601 3411 Verum
631 3358 743 3412 intentio
763 3373 852 3413 nostra
881 3377 933 3412 uon
952 3370 1005 3421 cst,
1024 3358 1054 3408 ad
1073 3375 1147 3413 casus

331 3441 560 3498 ,extraordinarias
580 3457 729 3506 recurrere,
742 3459 807 3510 quos
828 3443 959 3493 interdum
979 3459 1082 3493 summa
1095 3444 1147 3494 rei·

333 3522 407 3590 pribi.
432 3523 574 3574 necessitas
599 3535 737 3575 excaecatos
762 3525 870 3588 reddit,
888 3523 932 3576 ubi
962 3533 1024 3577 leste
1042 3525 1147 3590 Tacito,

334 3605 413 3657 dubet
431 3606 586 3676 aliquidne
604 3607 695 3678 iniquo
714 3626 795 3660 omne
821 3626 951 3677 magnum
974 3608 1148 3677 exemplum,

330 3689 410 3758 puori
430 3698 520 3741 tonren
547 3691 660 3743 utilitate
682 3690 790 3762 publico
817 3693 978 3755 rependitur.
997 3693 1048 3746 Sed
1067 3693 1100 3746 de
1119 3711 1150 3748 cu

335 3771 424 3840 potius
447 3773 555 3822 solliciti
579 3773 698 3838 erimus,
721 3774 784 3840 quid
812 3773 948 3828 ordinarie
978 3779 1148 3848 principibus

332 3853 431 3904 nostris
450 3853 543 3917 liccat,
557 3865 581 3906 et
596 3873 645 3923 qna
664 3857 767 3907 ratione
784 3856 809 3908 ri
830 3861 966 3927 potestatis
985 3861 1086 3927 legibus
1100 3863 1149 3913 irn-

328 3935 399 4005 pcrii
414 3935 652 3990 fundamentalibus
664 3935 806 4001 stabilitae,
820 3940 877 3992 sine
889 3941 978 4008 judice
992 3942 1149 4011 procedere,

333 4026 358 4066 rt
380 4019 486 4086 propria
506 4019 662 4072 auctoritate
673 4020 714 4086 jus
732 4035 806 4072 suurn
826 4024 945 4093 persequi
965 4027 1150 4094 pacatumue

329 4117 403 4152 carisa
423 4101 485 4154 haec
505 4103 620 4154 subditos
630 4138 638 4164 ,
649 4103 704 4154 sire
723 4103 788 4156 alios
808 4105 941 4176 principes
955 4103 1102 4162 concernat.
1116 4111 1151 4165 Es

329 4184 378 4236 bac
396 4185 497 4236 ratione
516 4186 583 4237 riarn
605 4183 667 4237 iacti
689 4187 813 4241 terminis
825 4190 951 4258 legitimis
971 4192 1148 4260 includimus,

215 4325 218 4332 ⁴
329 4283 403 4330 nnn,
422 4277 449 4320 ut
469 4265 538 4334 quod
558 4265 630 4320 iubet
647 4267 741 4332 liceat,
756 4269 800 4320 sed
815 4281 843 4322 ut
861 4271 930 4340 quod
949 4289 996 4342 per
1015 4275 1083 4342 iepes
1096 4274 1149 4326 rci-

329 4349 390 4420 pub.
411 4350 490 4412 licet,
504 4350 561 4404 sine
574 4366 699 4421 processu
717 4353 756 4405 rei
774 4353 883 4406 alterius
902 4357 1033 4426 principis
1053 4357 1148 4426 implo-

328 4432 432 4486 ratione
452 4430 503 4487 sibi
524 4433 665 4485 riudiccot.
685 4434 850 4506 Quapropter
868 4437 937 4490 siam
965 4437 1026 4491 iacti
1046 4439 1148 4510 princi·

331 4517 411 4586 pibus
429 4515 585 4586 permissam
603 4517 792 4584 considerabo,
811 4522 851 4574 rel
868 4533 992 4591 quatenus
1015 4524 1081 4593 ipsis
1101 4540 1146 4577 ne·

327 4601 430 4670 gotium
451 4599 590 4654 intercedit
602 4617 660 4654 curn
679 4603 732 4655 alio
750 4605 885 4677 principe,
898 4608 936 4662 rei
957 4626 1016 4661 cnm
1036 4609 1149 4665 subditis

336 4686 387 4738 sibi
407 4685 541 4752 subjectis.

366 4767 387 4831 §.
409 4767 426 4818 ii
453 4767 566 4835 Quando
584 4768 672 4836 itique
688 4770 824 4839 principes
841 4773 1043 4828 considerantur
1061 4793 1148 4846 respe-

328 4858 371 4901 ctu
391 4850 471 4901 totius
489 4851 608 4918 corporis
622 4851 799 4920 Germaniae,
813 4872 907 4926 resque
918 4874 970 4912 non
983 4858 1012 4909 iu
1024 4859 1144 4930 ipsorum

330 4931 491 4994 territoriis,
509 4935 554 4984 sed
573 4949 631 4986 cum
651 4936 713 4988 aliis
731 4937 900 5009 principibus
918 4940 1026 5010 imperii
1045 4942 1146 5010 agitur,

327 5033 379 5068 uon
407 5018 444 5066 ita
470 5018 553 5070 iibere
572 5017 673 5084 iacere,
693 5025 833 5093 omniaque
856 5040 889 5078 ex
907 5025 1016 5094 proprio
1033 5025 1147 5081 arbitrio

330 5109 443 5152 statuere
463 5113 583 5170 possunt.
597 5105 654 5155 Hoc
672 5107 742 5159 enine
762 5107 841 5160 modo
858 5108 955 5163 subditi
970 5110 1076 5178 imperii
1097 5111 1148 5164 irn-

329 5183 592 5254 peratnrisque'aana
612 5189 714 5240 ratione
731 5191 858 5260 appellari
878 5200 1004 5260 possunt:
1022 5195 1146 5262 quemad·

328 5265 434 5318 mnrium
456 5269 519 5320 lraee
539 5267 650 5323 formula
670 5290 721 5326 nou
741 5291 790 5326 una
811 5273 866 5326 ricc
884 5279 912 5326 in
932 5277 1078 5330 recessibus
1096 5280 1146 5330 irn-

328 5353 397 5422 perii
416 5357 545 5416 occurrit,
564 5355 654 5409 ordin.
672 5375 740 5410 cum.
758 5361 790 5411 de
817 5375 896 5413 nnnc
921 5359 1001 5414 tect.
1017 5379 1041 5413 c.
1061 5361 1085 5414 2.
1104 5362 1145 5415 n'r.

328 5439 352 5486 1.
375 5436 437 5488 Atta
455 5438 500 5489 des
519 5437 590 5492 tratt.
611 5441 691 5493 ttrm.
709 5443 808 5496 Reicies
831 5445 992 5499 Vononen
1010 5447 1068 5500 und
1088 5451 1143 5509 llu-

1196 3271 1266 3323 enina
1287 3269 1343 3323 line
1370 3273 1507 3324 institutae
1525 3285 1586 3324 sant
1607 3273 1654 3326 liae
1673 3283 1822 3340 austrepae,
1834 3282 1862 3326 ut
1881 3274 2016 3343 principes

1197 3354 1282 3408 nostri
1303 3357 1393 3425 plures
1411 3355 1522 3410 habeant
1540 3356 1697 3419 instantias,
1716 3356 1811 3426 quibus
1829 3359 1886 3422 iura
1905 3373 1948 3409 sna
1968 3359 2011 3408 di-

1197 3439 1279 3491 rersia
1303 3440 1405 3493 vicibus
1425 3455 1531 3508 urgere,
1551 3450 1577 3493 et
1604 3458 1651 3509 per
1678 3441 1806 3493 incuriam
1833 3441 1945 3501 omissa,
1965 3451 2013 3493 ιιιι

1197 3537 1246 3590 per
1263 3523 1384 3590 injuriam
1406 3525 1512 3590 rejecta,
1533 3522 1631 3576 iterum
1657 3539 1809 3595 recuperare
1830 3543 1859 3578 ac
1883 3525 2012 3578 deducere

1201 3606 1322 3674 possint,
1343 3606 1433 3660 ardin-
1451 3623 1553 3660 eumer.
1572 3625 1595 3660 c.
1613 3608 1640 3659 2.
1657 3605 1697 3660 tit.
1716 3609 1741 3658 3.
1761 3607 1785 3660 1.
1804 3606 1875 3678 Quid
1893 3609 1961 3679 quod
1980 3611 2015 3662 ad

1199 3689 1331 3743 arbitrum
1352 3706 1404 3743 non
1423 3690 1477 3742 nisi
1496 3705 1546 3760 per
1561 3690 1780 3760 compromissum
1799 3691 1938 3760 utriusque
1955 3709 2015 3760 par-

1200 3773 1234 3824 tis
1251 3770 1405 3834 devenitur,
1423 3769 1441 3821 i.
1460 3772 1505 3822 11.
1523 3777 1545 3832 ς.
1565 3774 1590 3822 1.
1609 3771 1627 3821 1.
1646 3773 1673 3822 ’1.
1694 3778 1716 3834 ς.
1735 3773 1760 3824 3.
1778 3773 1798 3824 1.
1817 3772 1862 3824 13.
1878 3790 1918 3842 pr.
1937 3776 2012 3828 (dds

1198 3861 1294 3924 recept.
1320 3853 1369 3923 qui
1384 3853 1477 3906 arbitr.
1497 3851 1536 3904 ttt
1556 3864 1689 3922 austrepas
1707 3871 1769 3907 sero
1792 3855 1870 3911 etians
1897 3859 2016 3914 inritum

1199 3935 1382 3989 aduersarium
1401 3935 1505 3990 trabere
1525 3937 1604 4002 licet,
1618 3955 1667 3992 uec
1684 3948 1767 4009 potest
1786 3939 1908 4009 princeps
1926 3944 2014 4008 nilus,

1199 4020 1242 4070 tris
1259 4020 1429 4088 praeteritis,
1448 4020 1480 4070 ud
1505 4035 1633 4073 cameram
1653 4031 1698 4075 aut
1722 4023 1807 4074 aulem
1833 4021 1907 4076 Caes.
1924 4027 2013 4077 statim

1199 4120 1302 4156 causam
1323 4103 1435 4157 deierre.
1454 4103 1485 4157 Et
1503 4106 1623 4174 quamvis
1642 4107 1820 4160 Paormeister
1836 4106 1870 4159 de
1883 4108 1981 4176 jurird.
1995 4111 2014 4162 1.

1199 4181 1226 4238 ii.
1245 4204 1268 4240 c.
1286 4187 1313 4240 1.
1333 4207 1361 4238 ιι.
1381 4189 1441 4240 133.
1462 4189 1565 4256 prolixe
1585 4187 1728 4253 deiendat,
1748 4194 1897 4259 praeteritis
1915 4205 2013 4247 austre-

1197 4271 1239 4342 gie
1257 4272 1368 4324 ordines
1386 4272 1414 4323 in
1433 4272 1491 4325 aula
1509 4289 1630 4326 caesarea
1649 4274 1785 4326 conveniri
1804 4291 1897 4344 posse,
1915 4287 1939 4327 et
1960 4277 2015 4346 pri·

1198 4354 1322 4423 vilegium
1342 4353 1393 4406 hcc
1409 4355 1513 4424 primae
1530 4356 1674 4410 instantiae
1693 4365 1794 4410 tautum
1809 4357 1839 4408 ad
1854 4359 2016 4426 restringen-

1198 4435 1258 4488 dam
1277 4453 1410 4500 caruerae,
1426 4455 1478 4490 nou
1497 4449 1583 4492 antem
1604 4441 1677 4492 actae
1689 4441 1835 4510 imperialis
1852 4441 2016 4510 jurisdictio·

1199 4537 1260 4572 uem
1286 4521 1393 4573 tendere
1416 4532 1505 4590 putet;
1523 4525 1620 4576 rectius
1646 4532 1734 4578 tinen
1759 4525 1918 4579 contrariam
1944 4525 2016 4582 iores

1196 4607 1363 4659 senteutiam.
1394 4607 1542 4660 Roscntbai.
1569 4606 1693 4678 dej‘euri.
1714 4625 1737 4661 c.
1756 4610 1799 4662 12.
1825 4609 1913 4662 cunci.
1938 4613 1968 4664 1.
1985 4625 2013 4660 ιι.

1198 4691 1240 4743 33.
1259 4690 1337 4744 Goni.
1358 4691 1501 4764 ileinkiug.
1518 4694 1551 4750 de
1569 4698 1661 4766 regim.
1679 4696 1759 4752 recol.
1775 4708 1803 4752 ec
1818 4699 1882 4754 aact
1901 4698 1920 4750 1.
1938 4698 1965 4749 2.
1983 4715 2007 4751 c.

1198 4775 1241 4827 tc.
1259 4793 1288 4828 ιι.
1308 4776 1335 4827 3.

1231 4859 1253 4924 5
1272 4858 1317 4910 ta.
1336 4859 1473 4914 Caeterum
1491 4860 1555 4914 alirn
1575 4861 1604 4914 in
1623 4863 1768 4918 Germania
1780 4861 1941 4932 uiomflrcti
1951 4867 2012 4918 ubi-

1194 4956 1245 5007 que
1261 4943 1411 4995 obtinuisse
1430 4952 1544 4996 testatur
1562 4945 1705 5000 Rhenanus
1728 4963 1780 5001 rer.
1801 4963 1886 5016 germ.
1905 4949 1924 5002 1.
1942 4949 1967 5000 2
1987 4967 2011 5002 c.

1198 5024 1241 5074 12.
1262 5026 1335 5078 Bina
1353 5029 1424 5080 raris
1443 5025 1474 5078 ad
1494 5027 1562 5081 hauc
1580 5031 1649 5083 siam
1664 5029 1724 5086 tacti
1740 5040 1802 5083 tnnc
1813 5032 1941 5103 temporis
1952 5048 2013 5104 per·

1196 5107 1275 5162 missa
1302 5109 1398 5163 referri
1425 5118 1550 5180 poterunt
1575 5115 1707 5183 exempla.
1727 5115 1846 5168 Pertinet
1867 5115 1939 5168 enim
1961 5118 2011 5170 truc

1198 5191 1246 5245 dos
1263 5194 1460 5262 Fame-certas,
1471 5199 1539 5252 celer
1555 5198 1605 5251 dos
1627 5198 1839 5264 dolien-ilerde,
1858 5202 1903 5253 ubi
1922 5203 1954 5254 ad
1966 5220 2010 5253 ar·

1196 5293 1237 5328 ms
1262 5281 1439 5350 provocabant
1464 5281 1561 5346 illum,
1578 5298 1637 5336 curn
1661 5302 1714 5355 quo
1740 5286 1795 5351 iure
1818 5285 2010 5356 experiundum

1194 5372 1266 5428 erat,
1287 5367 1378 5434 etqui
1405 5366 1526 5435 superior
1551 5383 1583 5418 es
1610 5385 1693 5437 pugna
1720 5369 1904 5436 discessisset,
1929 5372 2011 5425 victor

1194 5461 1295 5515 quoque
1314 5448 1343 5500 in
1362 5465 1437 5502 causa
1456 5459 1527 5515 erat,
1546 5459 1573 5502 et
1590 5453 1676 5503 rictus
1694 5453 1787 5506 cedere
1805 5455 1882 5507 bonis
1901 5459 2011 5508 teneba-

325 5519 617 5586 tertdnnen,etaiibi:
635 5527 723 5580 Unser
741 5531 796 5580 und
813 5527 857 5580 des
871 5529 942 5581 Hert.
957 5531 1145 5584 liom.1ieicda
1194 5541 1243 5584 tur.
1269 5535 1322 5604 Qui
1345 5536 1437 5588 roudus
1457 5537 1485 5590 iu
1508 5539 1614 5609 speculo
1639 5540 1776 5594 canonico
1802 5542 1865 5595 1.1.
1891 5545 2007 5599 ιιι-113.

322 5613 467 5674 gesomrnre
490 5607 686 5664 Untersdanen.
710 5613 817 5666 liberata
848 5623 935 5666 tamen
961 5613 1061 5669 subditi
1080 5632 1143 5671 roes
1193 5633 1320 5690 expresse
1345 5621 1520 5694 approbatos,
1537 5631 1564 5675 et
1590 5624 1744 5696 plerumque
1762 5621 1851 5697 ¹tiebat
1869 5637 2016 5698 praesenta.
