4498 6224
317 253 371 310 css
524 277 525 282 ¹
632 253 819 310 ttsstsctutu
842 251 1122 313 tccsnttstottts
1142 252 1354 312 ttTEttttttttt
1375 252 1484 313 cluit.
1501 269 1564 315 cac.
1827 253 1880 310 cst

243 347 411 420 interpositae
430 349 631 422 protestetionis
656 351 696 402 ilii
722 351 880 407 detrimenti
908 354 973 424 quid
1000 355 1064 406 acci·
1114 355 1197 425 gligat
1215 355 1451 425 protestationem,
1469 369 1521 426 quo
1540 351 1703 423 postmodum
1723 349 1870 404 debitorem
1894 367 1935 405 se·

244 433 338 504 pleni,
355 433 386 489 etl
406 453 469 505 quos
490 447 608 507 spectant
628 438 772 500 remt'ssue,
793 436 880 490 tatutis
899 439 1063 504 protestandi
1117 453 1207 504 cattum
1227 452 1304 508 atque
1325 454 1458 490 morosum
1474 456 1504 490 eo
1523 433 1629 489 lirratus
1647 434 1679 488 etl
1698 434 1826 486 interesse
1841 434 1935 488 babeat

246 515 405 570 adamussim
425 519 510 572 abiis
528 529 589 574 sunt
608 520 785 583 observanda,
803 538 870 589 quae
888 521 961 574 illico
981 543 996 575 ι
1021 521 1064 576 de·
1114 521 1271 592 obligatum,
1284 522 1353 592 quod
1368 526 1516 575 nuliatenus
1530 535 1566 576 ιιι
1582 519 1851 592 ριιιιιιιιιιιιιιιιιι.<2)
1864 521 1935 589 quis,

244 611 334 668 negate
364 602 502 656 literarum
532 605 726 672 acceptatione,
757 614 802 658 sut
827 605 908 658 etiam
935 607 1065 660 solutione
1114 605 1139 656 si
1159 605 1315 676 protestatio
1334 603 1420 670 lieret,
1439 616 1465 660 ιι
1483 607 1589 660 ‹lebitor
1608 607 1657 658 hac
1674 605 1706 658 tie
1725 621 1753 657 re
1766 605 1862 657 certior
1876 597 1937 656 retl-

191 679 227 736 00
244 698 351 736 ιιιιιιιι
368 685 513 756 incipiunt.
531 686 679 740 Notandum
699 697 786 741 tamen
806 687 862 750 bic,
889 701 992 760 tempus
1006 711 1065 762 pro.
1115 687 1239 754 deretur,
1259 689 1304 743 ilie
1325 707 1378 740 non
1398 691 1520 759 praestita
1539 692 1669 743 solutione
1689 689 1784 740 meritc
1809 687 1937 758 obligare·

247 765 360 820 testandi
379 787 428 838 pro
447 771 603 824 diuersitate
620 771 687 834 loci,
706 771 871 841 aliarumque
894 775 1067 828 circumstan·
1117 779 1169 837 tur,
1188 783 1242 826 tum
1261 773 1295 825 sd
1315 773 1465 840 cambium,
1485 783 1542 826 turn
1562 775 1594 826 ad
1614 776 1688 827 iliius
1707 773 1857 838 interesse,
1876 791 1936 828 cum

191 840 228 894 ⁸1
249 849 344 904 tiarunt
363 854 508 907 admodum
530 855 636 908 variare.
655 855 763 908 Etenim
783 853 824 922 (u)
842 857 1065 926 qnandovocabu·
1114 864 1202 907 tanen
1222 873 1274 908 nou
1294 858 1451 910 certioratus
1468 869 1609 911 excusetur
1627 878 1639 909 ι
1657 859 1734 926 culpa
1751 865 1777 909 et
1799 857 1832 910 ab
1857 859 1930 910 omni

245 935 302 988 lum
323 955 341 991 ιι
358 954 407 992 uso
422 938 507 1010 (quod
527 939 740 1008 frequentissime
758 939 785 989 iu
806 941 919 992 cambiis
938 942 1064 1012 irregula-
1116 941 1362 1006 procrastinatione,
1376 942 1509 1010 eleganter
1523 942 1684 994 bicbiartin.
1697 944 1820 1007 Wagner
1834 939 1862 991 in
1877 940 1936 994 ides

249 1019 326 1074 ribus
343 1023 482 1094 occurrit)
496 1025 524 1076 in
553 1023 675 1076 sebetlula
693 1025 817 1078 cambiaii
835 1027 987 1097 appositum
1007 1039 1065 1094 est,
1114 1023 1227 1074 mercat.
1246 1037 1351 1095 quaest.
1365 1027 1389 1080 2.
1400 1045 1428 1098 p.
1443 1025 1489 1078 to.
1500 1026 1609 1078 Curtius
1623 1027 1685 1078 lun.
1699 1027 1796 1079 consil.
1812 1026 1892 1078 1012.
1908 1043 1936 1078 ιι.

246 1109 309 1156 tuuc
326 1103 371 1157 illa
390 1107 482 1160 dilatio
501 1123 534 1161 ex
552 1108 719 1162 observantis
738 1109 817 1160 istius
839 1110 907 1174 loci,
925 1129 990 1181 quse
1010 1114 1064 1182 ple·
1117 1111 1162 1161 11.
1180 1109 1337 1165 Uii'eubacb.
1351 1111 1384 1165 de
1395 1122 1505 1185 protest·
1518 1111 1647 1168 ubscumb.
1662 1131 1684 1164 c.
1698 1115 1723 1166 t.
1743 1131 1771 1164 n.
1784 1113 1828 1164 27.

248 1201 362 1262 rumque
378 1190 411 1246 ad
432 1191 478 1242 14.
497 1192 556 1244 diet
574 1195 639 1247 solet
656 1193 785 1258 extendi,
803 1197 935 1247 concessis
955 1197 1065 1267 insuper
1149 1188 1173 1262 5·
1192 1193 1237 1246 22.
1261 1195 1407 1262 Quaeritur
1422 1207 1521 1259 nutem,
1540 1215 1579 1266 eq
1598 1195 1737 1266 negligens
1745 1193 1855 1262 sceatta
1865 1213 1932 1263 pro·
1954 1215 1991 1270 pq

247 1274 383 1326 uounuttts
409 1274 437 1326 in
463 1276 528 1328 loeis
553 1277 646 1329 dicbus
671 1275 866 1344 discretionis,
895 1278 1064 1334 Discretiurs·
1116 1277 1258 1344 testandi,
1276 1281 1382 1350 integro
1401 1281 1508 1334 cumdio
1525 1283 1617 1345 cudat,
1636 1299 1673 1331 un
1693 1281 1791 1332 domni
1814 1291 1841 1333 et
1866 1281 1935 1333 inte·

251 1355 350 1428 Turpe,
364 1357 403 1410 uti
422 1358 544 1411 Francoi.
561 1359 592 1409 ad
610 1361 737 1412 Moenum
749 1369 802 1414 art.
816 1363 860 1413 12.
873 1374 899 1416 ιι
912 1364 1023 1418 anteltac
1035 1365 1065 1418 in
1115 1378 1187 1415 resse
1205 1365 1418 1417 emolumentum
1436 1365 1609 1418 solummodo
1636 1365 1769 1418 omittat?
1793 1363 1939 1418 Existima-

245 1439 569 1496 ordin.cusnb·Prutert.
585 1444 758 1510 urt.1il.jam
778 1459 841 1493 vero
861 1446 888 1491 in
908 1447 992 1494 reviso
1010 1449 1067 1512 jure
1117 1463 1174 1496 mna
1192 1466 1253 1498 cum
1274 1449 1372 1504 iliustr-
1392 1451 1436 1502 du.
1456 1451 1489 1502 de
1507 1431 1592 1503 thets
1612 1449 1644 1502 de
1663 1465 1777 1502 versura
1801 1459 1880 1519 purte
1909 1453 1933 1504 1.

248 1521 322 1576 Prut·
340 1524 385 1576 its.
404 1523 429 1577 ι.
442 1525 484 1576 ιιι.
499 1528 541 1575 18.
554 1533 608 1578 nrt.
622 1527 647 1574 2.
662 1533 682 1585 ς.
697 1526 722 1574 4.
744 1527 850 1594 penitus
868 1524 1018 1597 abrogatis,
1033 1525 1066 1582 ad
1115 1545 1138 1580 c.
1158 1529 1183 1582 d.
1203 1529 1239 1582 ιι.
1262 1532 1306 1583 12.
1323 1531 1395 1584 ιιιιιιι
1412 1533 1447 1584 ob
1467 1533 1587 1601 supinam
1607 1533 1796 1601 negligentiam
1825 1544 1937 1603 utroque

246 1604 401 1658 solvendum
428 1605 548 1671 indulta,
566 1625 618 1677 quc
644 1607 744 1660 interea
771 1619 909 1677 acceptans
934 1621 994 1663 ante
1019 1613 1065 1665 sd·
1114 1613 1230 1684 cadere,
1249 1617 1375 1686 qnoniam
1394 1619 1434 1688 (i)
1453 1618 1504 1669 sibi
1525 1618 1635 1684 vigilare
1653 1621 1783 1687 potuisset
1810 1628 1936 1686 protesta-

245 1685 394 1740 venientem
413 1685 486 1739 diem
505 1689 714 1757 protestationis,
732 1691 944 1744 commoditatem
958 1693 1066 1763 conqui-
1118 1696 1202 1761 tione,
1222 1710 1250 1753 et
1270 1701 1308 1752 sic
1329 1719 1381 1753 non
1400 1703 1539 1753 dumtaxat
1559 1719 1650 1768 snum,
1672 1702 1716 1754 sed
1737 1703 1875 1754 trassantis
1893 1706 1935 1771 jue

244 1768 322 1822 rendi
341 1769 478 1840 pecuniam
504 1788 535 1824 sc
559 1774 731 1842 exspectandi
756 1773 924 1829 intermissas
948 1795 964 1830 s
990 1795 1065 1832 man·
1118 1775 1374 1846 illibatum,silorte
1393 1785 1936 1856 intereatemporisaccipientisconditie

245 1853 326 1909 danie
342 1856 435 1910 literb
452 1859 596 1924 asisorias,
622 1875 730 1928 quarum
756 1862 847 1932 rigore
874 1864 909 1917 de
932 1865 1066 1936 reciproca
1095 1850 1217 1920 lreddita
1236 1868 1270 1921 sit
1289 1867 1413 1931 deterior,
1432 1880 1619 1922 conservasset.
1636 1868 1678 1939 (2)
1695 1869 1838 1922 coercenda
1859 1888 1935 1938 prse-

244 1937 424 2006 sstisisctioue
439 1943 609 2004 certioretur,
629 1943 726 1998 habers
744 1956 833 2014 queat,
852 1949 905 2000 erit
923 1962 1066 2018 expectari·
1116 1961 1218 2019 sumpta
1237 1949 1341 2004 fallacia
1351 1991 1360 2017 ,
1379 1949 1447 2022 quod
1468 1951 1533 2005 iorte
1553 1953 1693 2005 remittens
1712 1953 1778 2006 satis
1797 1952 1849 2005 sibi
1871 1971 1933 2024 pro·

244 2026 290 2089 da,
309 2025 379 2081 coni.
394 2047 437 2100 pr.
449 2031 501 2086 Gla.
514 2031 557 2084 Fi.
576 2031 677 2086 Weclss.
696 2035 844 2087 liecitturt.
864 2035 907 2086 20.
923 2037 1012 2110 ιιιμι.
1028 2037 1065 2094 W,
1114 2045 1234 2104 spectum
1253 2035 1287 2090 de
1308 2045 1453 2099 trassantc,
1470 2053 1517 2088 ceu
1537 2037 1626 2106 priore
1645 2035 1766 2089 debitore
1785 2037 1932 2106 putaverit,

190 2111 450 2169 crassamento.
470 2115 511 2184 (ts)
531 2115 643 2184 Quando
661 2119 690 2169 in
710 2118 796 2170 literis
815 2133 984 2186 expressum,
1005 2135 1032 2178 ut
1048 2143 1067 2177 u
1113 2127 1142 2171 et
1159 2121 1199 2173 sic
1216 2138 1294 2185 eum,
1315 2121 1356 2172 cui
1378 2129 1459 2174 tracta
1477 2117 1568 2184 lacte,
1587 2129 1630 2173 aut
1650 2119 1844 2187 interpellatum
1873 2119 1935 2171 reii-

245 2197 536 2268 strichesdtpffis'cltt,
547 2200 661 2262 veracis,
676 2201 803 2268 Anticdt,
813 2202 903 2257 nuto
916 2206 1065 2260 continenti
1113 2205 1206 2273 querit.
1225 2205 1267 2276 (³)
1285 2204 1354 2276 quod
1382 2220 1430 2274 per
1454 2205 1662 2274 acceptationem
1689 2213 1824 2274 acceptans
1850 2213 1936 2257 semet

242 2285 341 2354 anuos
353 2285 404 2342 utta
424 2288 657 2356 procrastinatione
675 2285 752 2342 lieret
769 2290 882 2356 solutio,
903 2299 964 2344 tunc
978 2309 1006 2345 ea
1021 2293 1065 2348 de·
1116 2289 1288 2360 obligaverit.
1306 2293 1365 2360 ipsc
1385 2307 1446 2344 sero
1465 2301 1632 2360 praesentans
1651 2306 1711 2343 cum
1731 2307 1761 2343 eo
1780 2289 1859 2344 utun
1877 2291 1937 2343 siue

248 2377 358 2437 negata,
384 2369 507 2438 exemplo
532 2371 725 2440 interponenda
750 2382 791 2425 est
819 2374 994 2442 protestatior
1020 2375 1062 2428 sia
1114 2376 1308 2447 protestatione
1325 2373 1410 2427 luerit
1428 2384 1575 2427 contentus.

242 2468 311 2507 sero
329 2451 358 2505 tu
374 2452 461 2506 literis
487 2463 574 2506 certus
600 2457 726 2510 solutioni
753 2458 905 2526 reperietur
931 2455 1065 2528 praestans
1148 2456 1172 2530 5.
1191 2461 1234 2512 20.
1255 2457 1332 2512 Ηιιιι
1352 2457 1573 2511 inconvenienter
1592 2471 1670 2524 porro
1688 2455 1737 2509 boc
1755 2455 1813 2509 loco
1830 2453 1934 2524 quaeri·
1952 2475 1988 2528 00

243 2533 302 2590 dies
318 2556 343 2591 s.
360 2555 400 2607 gr.
417 2539 450 2591 sd
469 2540 493 2592 2
514 2541 540 2593 b.
558 2539 585 2592 4.
604 2542 643 2594 ιιι
662 2542 689 2593 8.
703 2541 760 2594 ιιιι
774 2542 936 2607 Nuciass'clst,
953 2554 1017 2597 tunc
1031 2546 1065 2597 iia
1116 2551 1168 2608 tur,
1187 2543 1251 2614 quial
1271 2543 1305 2596 sit
1324 2541 1413 2596 redire
1433 2541 1525 2592 literas
1543 2557 1603 2593 cum
1622 2539 1841 2605 protestatione?
1854 2542 1934 2610 neap.

243 2621 446 2692 praeterlapsis,
465 2624 563 2677 solutio
581 2624 649 2678 intra
667 2625 784 2693 spatium
812 2625 857 2678 24.
882 2625 1007 2681 horarum
1027 2629 1064 2680 la·
1112 2627 1218 2697 qnando
1238 2625 1421 2680 mandatarius
1435 2625 1673 2676 debitorisliteras
1686 2621 1783 2674 centhii
1799 2631 1935 2691 acceptave

244 2706 355 2773 denda,
372 2715 418 2761 aut
442 2707 654 2778 protestaudum,
681 2725 714 2760 ιιι
740 2707 807 2762 lusto
837 2728 885 2779 per
910 2713 1062 2769 ulteriorem
1113 2725 1236 2778 recusat,
1255 2722 1298 2764 aut
1317 2718 1436 2780 acceptat
1454 2709 1580 2779 quidem,
1602 2703 1647 2758 sed
1671 2703 1774 2757 easdem
1795 2722 1846 2758 uon
1873 2720 1934 2772 pee-

187 2789 225 2846 21
245 2790 403 2845 ιιιιιίιιιιιιιι
422 2807 565 2860 procursus
590 2791 716 2844 damnum
742 2791 870 2846 incurrat.
896 2795 943 2849 Sic
967 2795 1064 2866 Regio·
1114 2798 1193 2853 soleit
1210 2809 1236 2850 et
1262 2805 1401 2866 eapropter
1426 2791 1603 2846 mandatarius
1627 2789 1766 2841 creditoris
1787 2798 1934 2857 protestum

240 2876 324 2930 monti
342 2875 370 2928 in
388 2874 576 2928 anniversariis
594 2874 798 2928 solemnioribus
817 2874 946 2928 nundinis
961 2879 986 2931 1.
999 2889 1025 2931 et
1037 2880 1062 2930 2
1112 2882 1195 2935 ιιιιιι
1212 2893 1303 2934 contr.
1321 2879 1469 2932 debitorem
1489 2876 1521 2928 de
1540 2875 1691 2936 iuteresse,
1711 2873 1817 2924 damnis
1835 2883 1859 2923 et
1881 2872 1933 2923 im·

238 2977 327 3015 earnm
346 2959 392 3012 die
406 2959 497 3012 literae
514 2964 575 3010 sunt
593 2958 778 3028 receptandae,
790 2956 833 3013 lto
852 2977 912 3016 vero
924 2971 949 3014 et
962 2961 1008 3017 lito
1020 2965 1065 3020 tta
1112 2967 1212 3038 peusis,
1232 2965 1395 3032 insimuiqoe
1413 2961 1478 3014 istas
1496 2961 1590 3012 literas
1609 2975 1667 3010 curra
1687 2957 1873 3025 protestatione
1893 2973 1934 3008 re·

241 3047 324 3116 sasque
341 3043 374 3100 ad
393 3045 483 3096 boram
502 3040 641 3116 septimam
660 3043 856 3112 vespertinam,
876 3045 898 3098 si
911 3047 1004 3102 harum
1020 3069 1061 3104 ss·
1112 3050 1197 3103 mittit
1216 3048 1247 3103 ad
1265 3047 1452 3112 creditorem,
1476 3043 1520 3115 qui
1549 3054 1611 3095 tunc
1635 3041 1759 3092 adversus
1784 3039 1932 3092 debitorem

240 3129 355 3202 reptatio
373 3145 418 3182 seu
436 3127 532 3180 solutio
548 3125 634 3178 adbuc
653 3127 714 3178 dum
735 3137 850 3179 rccttvata
870 3127 958 3196 luserit,
978 3145 1062 3203 prote·
1110 3153 1169 3190 cum
1188 3133 1281 3188 effectu
1298 3149 1374 3202 agere
1388 3132 1469 3184 salet.
1484 3129 1574 3182 Scacc.
1587 3127 1621 3180 de
1633 3141 1778 3180 contuere.
1792 3132 1814 3189 ς.
1828 3124 1853 3176 2.
1864 3125 1934 3195 plor.

238 3214 301 3270 stari
319 3213 383 3268 licet
399 3229 440 3286 pr.
469 3210 662 3266 etur-Furat.
689 3213 924 3268 Wecnuattteots
941 3227 995 3270 ort.
1014 3221 1059 3272 i'i.
1114 3220 1141 3272 2.
1160 3239 1189 3273 n.
1209 3219 1252 3273 12
1917 3214 1920 3222 ’

239 3297 409 3367 Queptopist
426 3293 452 3351 ιι
469 3303 545 3348 autea
563 3294 700 3346 dicturum
719 3293 881 3360 dicendum,
894 3298 916 3350 si
930 3299 963 3351 ad
976 3313 1060 3356 certos
1145 3312 1166 3369 ς.
1186 3304 1232 3357 24.
1251 3301 1369 3357 Tandem
1389 3299 1474 3373 ipsam
1489 3295 1690 3371 protestationis
1701 3293 1867 3366 aggredimur
1879 3291 1933 3346 lor·
1951 3297 1988 3352 00

238 3383 297 3438 dies
314 3377 384 3448 ussff
385 3377 492 3449 mitte
512 3387 575 3448 ιαμ
592 3377 663 3430 siclt
680 3395 704 3432 ι.
722 3395 747 3430 c·
765 3377 797 3431 ati
817 3380 860 3432 10.
879 3379 905 3432 8.
924 3383 963 3435 ιιι
982 3382 1008 3435 ι.
1022 3385 1060 3438 sit
1111 3407 1205 3456 mana,
1225 3405 1292 3459 quae
1311 3389 1464 3459 plerumque
1483 3393 1634 3452 sequentem
1654 3381 1682 3433 itt
1702 3379 1808 3432 modum
1835 3373 1931 3431 confici

237 3464 407 3530 multllm·
425 3462 492 3516 illud
512 3473 567 3516 tum
587 3477 639 3514 ⁰⁰¹²
658 3461 736 3516 “illm
754 3460 864 3515 lflllluffl
883 3463 963 3533 leitil,
981 3481 1058 3534 quem
1109 3473 1190 3525 solet.
1208 3469 1335 3524 Notarius
1355 3470 1462 3522 nomine
1483 3464 1671 3536 protestantis,
1689 3479 1748 3516 curn
1775 3462 1876 3514 (ittobus
1901 3461 1934 3514 ad

240 3549 365 3621 proxime
380 3546 534 3602 adveniente
552 3545 597 3598 dia
615 3544 837 3615 praesentationis
854 3553 882 3598 et
901 3549 1058 3616 acceptatio·
1110 3553 1252 3608 minimum
1273 3553 1385 3606 testibus
1404 3551 1434 3605 ad
1455 3550 1503 3603 boc
1523 3567 1574 3605 non
1594 3547 1729 3618 speciatim
1756 3566 1769 3599 a
1799 3555 1931 3617 protam.

243 3633 304 3700 stis,
322 3644 351 3688 ιιι
367 3633 424 3700 ιιι,
441 3632 465 3684 ιι
484 3631 512 3684 ιιι
531 3629 620 3684 ιιιιιιι
636 3632 670 3683 sd
686 3629 774 3683 decem
789 3626 847 3682 dies
861 3628 959 3681 delatio
972 3631 1058 3698 aliqua
1108 3649 1167 3691 turo
1185 3639 1293 3706 rogatis,
1312 3635 1357 3691 sed
1377 3631 1496 3698 suflicit,
1517 3635 1539 3686 ιι
1559 3649 1603 3686 eos
1627 3633 1686 3700 ipso
1705 3631 1805 3683 scienta
1826 3637 1852 3680 ιι
1870 3645 1932 3680 ooo.

239 3720 275 3774 10
298 3721 372 3791 Tage
383 3717 452 3774 sicit
463 3717 501 3770 ait
512 3731 646 3781 concessa,
663 3725 689 3769 et
706 3713 767 3766 iliae
784 3713 881 3766 ultimo
901 3714 946 3765 die
965 3716 1059 3786 aprilis
1110 3719 1251 3783 sentiente,
1270 3721 1389 3772 notarius
1408 3717 1589 3786 requisiverit,
1603 3713 1660 3766 adit
1673 3729 1778 3782 corresp
1792 3711 1926 3766 ndentesn

237 3814 401 3876 acceptatae,
419 3810 482 3856 tunc
499 3817 550 3854 non
569 3809 646 3864 aute,
664 3798 718 3851 nisi
738 3799 783 3852 ttt.
803 3798 847 3851 die
871 3799 935 3866 maji
963 3800 1060 3853 solutio
1109 3803 1269 3864 trassentis,
1290 3799 1499 3871 ipsiqueadisuc
1526 3798 1608 3852 sevuei
1635 3797 1726 3850 literas
1748 3795 1834 3848 camb.
1856 3809 1931 3865 pras·

239 3889 311 3960 exigi
330 3895 424 3959 potest.
441 3885 537 3940 Fusius
553 3885 598 3938 laic
614 3883 728 3936 conferri
756 3893 873 3937 meretur
898 3884 996 3953 Savsry
1020 3885 1058 3936 ins
1110 3893 1207 3948 sentat,
1227 3884 1413 3952 interrogans,
1432 3899 1464 3934 an
1483 3885 1588 3935 easdem
1608 3885 1660 3951 iarn
1684 3891 1819 3950 acceptare
1847 3881 1931 3943 velit,

241 3975 457 4031 soliiomnteners
478 3967 651 4038 Kuuffmunn
667 3985 692 4035 p.
713 3969 738 4018 1.
756 3985 818 4030 cun.
837 3967 881 4018 st:
892 3985 917 4037 p.
932 3966 994 4018 stt.
1006 3984 1057 4036 seq.
1108 3983 1157 4020 nec
1170 3974 1227 4031 'nee
1247 3966 1300 4020 vid.
1319 3965 1363 4016 laic
1383 3965 1503 4036 cnapotta
1521 3968 1630 4019 curstelu
1647 3966 1673 4018 0.
1687 3963 1792 4036 quodsi
1808 3966 1835 4016 in
1850 3976 1932 4019 totum

186 4053 222 4108 11
292 4067 313 4123 ς.
331 4059 376 4110 21.
395 4056 467 4106 ilinc
480 4051 554 4108 eaide
567 4051 741 4106 necessarium
754 4051 817 4116 ιιιι,
828 4051 963 4106 literarum
975 4053 1058 4108 camb.
1110 4049 1323 4121 acceptationem
1343 4049 1492 4116 detrectet,
1511 4049 1550 4102 rei
1571 4049 1708 4112 rationes,
1728 4066 1778 4101 cur
1797 4047 1824 4098 id
1845 4048 1933 4101 lacere

242 4161 296 4201 nou
314 4149 506 4212 acceptaturum
526 4137 741 4206 protestationem
762 4135 919 4203 tempestive
938 4137 1056 4206 interpo-
1111 4143 1244 4203 nequeat,
1264 4135 1382 4200 alleget,
1402 4149 1490 4186 coram
1511 4131 1693 4202 praesentibus
1716 4133 1791 4184 hisce
1820 4133 1931 4186 testibus

242 4243 315 4292 stete,
334 4226 389 4279 sive
408 4220 541 4277 csmbium
561 4227 661 4290 spectet
678 4219 711 4270 sd
726 4229 946 4287 praesentantem,
959 4219 1013 4273 tire
1026 4221 1058 4273 sd
1108 4217 1263 4288 protestatio
1283 4217 1471 4287 interponitur,
1490 4234 1554 4286 quae
1574 4215 1697 4285 deinceps
1716 4215 1745 4267 itt
1765 4213 1928 4268 iustrumen·

239 4315 323 4369 alium
340 4323 545 4381 quemcumque,
563 4303 660 4357 etenim
679 4303 701 4355 si
719 4302 851 4354 cambium
871 4315 965 4374 spectet
981 4303 1013 4355 ad
1032 4323 1057 4356 a·
1107 4313 1161 4356 tom
1180 4301 1348 4373 publicums
1376 4301 1481 4355 notario
1505 4298 1613 4354 redacta
1634 4299 1666 4351 sti
1695 4297 1811 4349 datoresu
1839 4298 1931 4352 litera·

238 4401 316 4464 lium,
337 4405 393 4448 tnm
412 4390 500 4461 isqui
520 4387 668 4442 mandatum
687 4386 720 4438 de
737 4387 869 4455 exigendo
887 4388 1017 4456 suscepit,
1031 4397 1059 4442 et
1107 4403 1166 4440 rum
1186 4387 1346 4443 remittitur.
1365 4404 1389 4440 v.
1409 4402 1448 4455 gr.
1468 4403 1499 4437 et·
1518 4384 1597 4437 molle
1615 4381 1723 4436 islerrnit
1742 4381 1840 4435 wieder
1850 4381 1930 4435 Tras-

237 4485 330 4539 ‘tamen
356 4477 500 4550 protestari
527 4473 662 4543 neglexit,
688 4471 821 4540 obligatur
847 4471 895 4537 ei,
919 4475 992 4541 cujus
1018 4480 1058 4526 est
1107 4471 1193 4525 tirern
1212 4469 1258 4524 der
1283 4469 1415 4522 li'eclmis
1432 4488 1462 4522 so
1491 4469 1565 4524 molti
1587 4485 1679 4535 noegeu
1701 4465 1775 4518 nicht
1800 4464 1931 4534 ersolgter

238 4567 383 4632 cambium,
402 4565 434 4618 de
452 4564 526 4616 lucro
542 4571 569 4613 et
587 4559 660 4611 omui
681 4556 772 4608 loturo
790 4557 918 4608 interesse
934 4556 1056 4624 cambii,
1107 4553 1273 4624 Beanirlung,
1286 4555 1329 4606 uls
1347 4554 1417 4606 uucla
1429 4553 1511 4608 uider
1522 4551 1593 4604 uilen
1609 4551 1722 4604 dierum
1734 4549 1927 4602 entstellenden

240 4647 413 4705 Lauterbacls.
430 4655 506 4699 trcet.
524 4649 632 4712 synopt.
649 4651 721 4704 pure.
739 4641 766 4691 il.
780 4637 816 4706 ff.
836 4639 876 4692 tit.
894 4641 1017 4693 mundat.
1035 4647 1058 4703 ς.
1108 4639 1232 4693 &boden
1248 4639 1305 4692 und
1325 4638 1472 4700 Uukossen,
1491 4637 1629 4700 iuteresse,
1649 4634 1767 4689 ii'eciisel
1782 4634 1841 4688 und
1858 4633 1930 4689 Wie-

184 4737 223 4790 διι
243 4736 269 4786 2.
288 4735 336 4789 Sin
355 4747 416 4788 vero
433 4729 465 4782 ad
492 4729 581 4797 ipsum
608 4733 843 4795 praesentantem,
868 4735 922 4777 tum
946 4723 994 4776 ille
1021 4724 1057 4777 ob
1107 4725 1156 4777 der
1179 4723 1301 4776 ii'ecltsel
1319 4721 1477 4774 solemniter
1496 4723 1650 4790 protestiret
1669 4717 1930 4774 roccacontrada.

239 4819 367 4874 omissam
394 4813 611 4886 protestationem
638 4810 738 4862 amittit
760 4807 895 4861 cambium
915 4843 925 4874 ,
949 4811 1058 4877 ejusque
1110 4807 1218 4860 Praeses
1236 4806 1265 4859 irs
1284 4815 1363 4858 sruet.
1382 4805 1416 4857 de
1434 4805 1548 4858 cuutelir
1566 4815 1700 4860 contruct.
1718 4804 1800 4876 517.
1819 4823 1880 4874 cup.
1903 4805 1927 4857 t.

237 4905 343 4959 lucrum
361 4911 389 4955 et
406 4901 535 4952 interesse
552 4893 666 4948 loturum
686 4894 704 4945 i.
721 4909 745 4943 e.
763 4889 854 4943 omnia
872 4907 918 4956 ea,
935 4907 1002 4960 quae
1014 4905 1058 4943 oc·
1108 4901 1173 4946 aaut.
1193 4893 1219 4944 3.
1239 4889 1386 4961 Antequam
1405 4908 1467 4944 vero
1487 4891 1537 4944 isoc
1555 4887 1613 4951 ιιιι.
1641 4903 1810 4962 praesentans
1833 4893 1925 4944 literas

240 4990 347 5043 usione
364 4983 461 5038 cambii
480 4982 639 5054 contingunt
662 4976 704 5030 vel
727 4975 915 5042 contigerunt,
934 4975 1058 5028 videlicet
1106 4975 1214 5046 quidem
1234 4975 1322 5044 primo
1340 4972 1496 5026 adveniente
1516 4983 1650 5041 posterum
1671 4974 1715 5026 die
1732 4993 1792 5028 cum
1812 4987 1927 5044 protesto

240 5075 415 5148 provisiones,
433 5065 660 5138 prosenecticom,
679 5059 841 5113 escambium
860 5069 910 5112 etc
928 5059 994 5112 item
1015 5076 1058 5129 pe·
1109 5062 1249 5113 remittere
1266 5058 1345 5122 vaiet,
1365 5057 1543 5110 nibilominus
1561 5067 1647 5109 temen
1666 5061 1772 5111 easdem
1786 5061 1870 5111 adbuc
1883 5077 1928 5127 pe·

237 5160 343 5214 russiana
362 5173 411 5226 pro
428 5155 516 5206 literis
534 5149 696 5208 soluendam,
714 5141 820 5212 Brieffe
838 5153 925 5213 porto,
945 5145 1057 5197 Protest.
1109 5160 1155 5198 nes
1175 5159 1203 5195 se
1220 5140 1252 5194 ιιι
1270 5139 1416 5195 terminum
1437 5155 1519 5207 usque
1542 5139 1688 5194 solutionis
1707 5141 1762 5194 ia'ss
1788 5139 1857 5211 uuff
1876 5143 1929 5198 den

241 5241 350 5296 Geiitiu
365 5235 438 5290 coni.
453 5249 496 5305 pr.
518 5233 595 5286 Claur
608 5229 713 5282 rursu.
731 5227 835 5282 Wecitr.
855 5225 948 5281 lieclst.
960 5228 1057 5279 ausu
1113 5228 1297 5299 reduit-Tap
1316 5224 1427 5289 retinet,
1449 5235 1497 5288 ut,
1517 5225 1540 5276 si
1561 5225 1661 5276 interea
1681 5233 1819 5295 acceptans
1843 5225 1929 5278 adhuc

237 5339 266 5383 et
283 5326 374 5392 Leipc.
398 5321 496 5375 Wecisa.
515 5317 596 5371 crdn.
612 5325 665 5367 ort.
684 5314 728 5364 30.
748 5315 836 5367 Scacc.
853 5311 888 5364 de
913 5327 1058 5365 commerc-
1109 5313 1171 5366 duro
1191 5313 1291 5365 solvere
1309 5310 1387 5375 velit,
1409 5307 1507 5361 rainois
1527 5318 1616 5362 tamen
1643 5310 1766 5380 expensis
1790 5311 1818 5360 in
1845 5322 1929 5377 prote·

238 5423 267 5467 ,ι
283 5409 374 5465 cami.
392 5409 416 5474 ς.
434 5405 460 5456 2.
477 5403 561 5474 gloss.
580 5399 606 5451 5.
623 5417 653 5450 ιι.
672 5397 735 5448 sun
752 5403 778 5448 et
797 5402 819 5457 §-
839 5396 865 5446 'l.
880 5393 919 5464 pt.
940 5395 965 5444 2.
983 5412 1012 5446 ιι.
1030 5394 1057 5446 8.
1108 5411 1188 5462 atum,
1207 5395 1299 5448 literas
1318 5394 1414 5446 missas
1432 5403 1483 5446 etc.
1501 5394 1622 5462 erogatis,
1641 5393 1783 5458 audiatur,
1802 5393 1866 5444 alias
1879 5394 1929 5446 boc

236 5515 304 5567 quae
320 5494 411 5550 omnis
428 5491 493 5544 alias
511 5484 635 5554 consequi
654 5483 801 5552 potuisset.
826 5481 904 5534 liatio
922 5480 999 5547 lsujus
1017 5497 1057 5530 ss·
1110 5499 1162 5533 non
1181 5479 1318 5549 prsestito,
1338 5493 1386 5530 nec
1404 5475 1541 5529 subsecuta
1560 5477 1715 5538 solutione,
1734 5475 1820 5528 denuo
1839 5489 1926 5546 prote-

184 5597 220 5651 pp
238 5579 366 5632 ser'tlonis
384 5573 509 5628 consistit
528 5572 556 5622 in
576 5584 630 5633 eo,
650 5583 683 5619 ne
700 5565 745 5635 (ι)
765 5583 826 5617 cum
846 5566 938 5616 literae
959 5563 1056 5615 camisii
1108 5566 1185 5618 statio
1203 5576 1240 5616 est
1259 5561 1403 5616 reiteranda
1422 5561 1565 5613 secundum
1586 5563 1776 5632 praescriptum
1782 5559 1857 5632 juris
1869 5560 1923 5612 eie·
1942 5589 1977 5643 9¹

236 5665 386 5738 pertineant
402 5660 438 5714 ad
456 5659 543 5732 ipsum
555 5662 750 5728 protestantem,
764 5648 996 5705 ilielrautloieoter
1008 5665 1054 5704 ne·
1107 5659 1172 5702 utor.
1193 5649 1275 5702 Prut.
1292 5646 1380 5700 cumi.
1396 5653 1449 5699 nrt.
1469 5645 1511 5698 10.
1530 5657 1557 5700 ιι
1576 5645 1618 5700 tt.
1637 5649 1723 5700 iidarta
1737 5643 1860 5715 digestor.
1875 5661 1925 5699 ue·
