4510 6214
677 343 1055 476 ''ntseurnrto
1080 338 1364 475 'vaenalem

392 611 495 732 Μ
532 612 729 726 Wadid
765 612 1128 729 mibi-iiim
1163 605 1686 732 dffiiiissffiiidbdsdffia

723 851 726 858 '
812 847 815 854 '
847 865 878 907 u.
901 866 955 910 xv.
978 867 1060 938 aaut.
1085 865 1232 934 nucxux.

897 1053 1177 1097 urrunnun

459 1215 639 1287 anone.
662 1215 903 1286 nunouen.
928 1214 1110 1304 noenta,
1136 1163 1634 1288 enarrabant-stans(

760 1505 1319 1554 e·-—--ettoo==·--·

892 1737 1187 1796 J.N.D.N·J.C.

743 1913 1270 2028 ¹nonnemo.

200 2116 391 2256 Militiae,
415 2201 502 2268 qnae
525 2178 565 2245 id
591 2179 691 2246 totius
716 2179 848 2272 imperii
873 2177 976 2247 nostri
999 2176 1226 2246 defensionem
1251 2189 1284 2244 et
1306 2182 1589 2247 conservationem
1608 2189 1791 2272 comparata
1807 2191 1870 2264 est,

199 2269 268 2358 jura
294 2281 359 2334 tarn
385 2269 506 2336 diffusa
530 2287 609 2337 sunt
630 2269 772 2336 subinde
797 2289 827 2338 et
852 2268 1029 2364 impedita,
1055 2281 1092 2336 ut
1118 2269 1159 2350 iis
1182 2269 1386 2360 explicandis
1400 2282 1434 2338 et
1449 2271 1512 2336 rito
1529 2268 1778 2363 pertractandis,
1795 2295 1871 2360 pru·

202 2357 342 2424 dentum
376 2360 525 2450 judicio,
556 2383 622 2428 non
653 2359 808 2448 sufficiat,
836 2362 901 2429 nisi
924 2361 986 2452 qui
1015 2356 1141 2450 ingenii
1172 2357 1361 2440 selteitatem
1390 2359 1515 2451 insigni
1544 2383 1677 2450 prorsus
1704 2361 1873 2429 doctrinae

204 2449 470 2540 multiplicisque
493 2447 642 2518 lectionis
666 2468 824 2540 apparatu
849 2453 948 2520 auxit.
971 2449 1105 2539 Quibus
1127 2449 1283 2521 omnibus
1297 2473 1350 2516 nte
1365 2447 1560 2516 destitutum
1576 2475 1665 2530 esse,
1681 2474 1740 2517 nee
1757 2450 1873 2541 ignoro

203 2563 265 2605 uec
288 2537 446 2622 diffiteor,
468 2541 654 2632 meritoque
677 2539 907 2622 iriderereor,
933 2565 975 2608 ne
999 2537 1192 2608 temeritatis
1206 2539 1374 2608 incurram
1387 2563 1442 2610 sus
1468 2541 1606 2608 irionem
1623 2539 1710 2630 apud
1735 2541 1872 2621 multos,

205 2629 296 2718 qnod
320 2629 480 2718 ejusmodi
505 2631 667 2698 subierim
691 2653 792 2712 onus,
815 2633 869 2701 cui
895 2629 1030 2700 serendo
1055 2653 1141 2698 meos
1164 2651 1230 2696 uon
1256 2651 1349 2734 pares
1364 2566 1756 2720 esseiumerosipsemet
1772 2653 1874 2722 agno·

205 2721 318 2788 setim.
343 2723 404 2786 Ast
427 2741 521 2800 tero,
544 2745 619 2786 eum
646 2723 668 2786 ii
695 2722 775 2810 ipsi,
799 2724 858 2810 qui
882 2733 916 2789 et
939 2720 1066 2812 ingenii
1091 2732 1288 2810 praestantia
1303 2731 1336 2786 et
1351 2719 1520 2788 doctrinas
1534 2719 1801 2810 eruditionisque
1817 2743 1873 2786 oo·

203 2810 257 2900 pia
291 2833 342 2874 me
375 2810 518 2876 muitum
548 2811 710 2890 vineunt,
741 2811 838 2880 bocco
860 2823 1117 2904 argumentum,
1139 2822 1305 2900 quantum
1337 2811 1419 2887 scio,
1448 2809 1596 2876 nondum
1620 2809 1873 2898 occupaverint,

200 2899 311 2991 deque
334 2923 373 2966 eo
395 2925 435 2966 ex
459 2901 613 2966 instituto
636 2901 703 2966 siut
727 2904 963 2981 commentati,
985 2913 1020 2967 et
1042 2923 1119 2968 vero
1141 2923 1201 2992 ego
1224 2921 1353 2989 semper
1376 2923 1616 2990 supervacuum
1640 2898 1811 2978 duxerim,
1836 2924 1875 2967 ea

202 2989 492 3057 dissertationibus
515 2990 709 3076 edisserere,
733 2995 907 3083 quaejam
931 2989 976 3057 ab
994 2991 1072 3058 aliis
1096 3003 1250 3057 accurate
1275 2991 1485 3082 maximoque
1509 3014 1582 3055 cram
1607 2989 1716 3054 studio
1739 2987 1874 3057 evoluta

203 3093 236 3146 et
260 3081 295 3146 in
320 3081 466 3170 aprinum
492 3080 649 3170 producta
673 3095 766 3160 sunt,
793 3105 857 3148 non
875 3081 1013 3148 omnino
1029 3080 1115 3147 male
1131 3103 1183 3146 nae
1202 3103 1306 3146 nteam
1322 3101 1455 3168 operam
1473 3079 1654 3146 locaturum
1672 3081 1876 3161 existimavi,

205 3191 293 3262 quae
317 3169 397 3235 mihi
422 3169 480 3237 buc
503 3169 544 3233 de
568 3191 603 3234 re
626 3193 694 3236 sese
716 3169 912 3238 obtulerunt
935 3174 971 3236 in
994 3193 1101 3235 unum
1127 3167 1219 3236 velut
1240 3189 1358 3258 eorpus
1380 3169 1551 3260 colligere,
1575 3191 1643 3261 quo
1661 3171 1730 3259 ipso
1747 3169 1807 3235 boo
1822 3195 1874 3239 me

203 3260 463 3348 impetratorum
487 3257 631 3336 confido,
655 3271 748 3325 utet
772 3259 917 3352 aliquid,
942 3260 1033 3350 quod
1058 3283 1177 3352 operae
1207 3258 1346 3349 pretium
1376 3259 1435 3334 sit,
1464 3259 1585 3350 egisse,
1615 3281 1676 3324 neo
1708 3263 1875 3348 repetiisse

205 3349 321 3416 saltem
371 3373 430 3414 uae
453 3346 585 3442 jam'ah
605 3347 695 3434 aliis,
718 3361 752 3414 et
776 3351 859 3417 sorte
882 3349 1022 3430 melius,
1045 3349 1131 3416 dicta
1155 3361 1250 3432 sunt,
1281 3347 1387 3416 videri
1417 3351 1551 3438 possim.
1581 3347 1628 3413 Et
1658 3347 1684 3412 si
1716 3351 1766 3416 cui
1798 3351 1877 3418 haee

204 3461 270 3503 non
295 3371 480 3514 euticiani,
503 3461 589 3526 quae
612 3463 628 3503 a
655 3439 751 3505 nobis
774 3439 869 3506 allata
893 3456 990 3522 sunt,
1014 3439 1041 3505 is
1064 3439 1150 3506 faciti
1176 3437 1308 3529 negotio
1330 3461 1416 3530 quae
1448 3435 1570 3504 desunt
1597 3435 1719 3504 addere
1748 3453 1876 3530 potest,

204 3541 241 3594 ut
266 3529 343 3593 inde
366 3527 545 3616 perfeetum
571 3529 650 3620 quid
675 3541 707 3594 et
730 3525 996 3596 corisummatum
1021 3505 1221 3598 efflorescat>
1238 3526 1337 3616 Quod
1360 3543 1521 3618 superest,
1543 3550 1632 3618 quae
1658 3525 1700 3614 de
1714 3529 1876 3620 juvenum

203 3618 332 3710 scriptis
355 3617 432 3684 serri
457 3615 536 3682 solet
561 3615 739 3710 benignior
763 3621 947 3709 sententio,
997 3642 1038 3684 ua
1062 3632 1095 3686 et
1119 3617 1268 3686 voluutas
1291 3641 1406 3683 eorum
1429 3640 1596 3708 aususque
1613 3621 1723 3704 sperui
1744 3641 1809 3684 non
1827 3645 1876 3687 so-

203 3705 268 3787 let,
291 3731 363 3772 eam
386 3705 430 3774 ab
453 3707 697 3774 humanissimo
727 3708 845 3776 lectore
874 3728 906 3776 et
937 3711 981 3778 mi
1010 3707 1201 3800 ideposoo‚
1224 3719 1285 3773 aut
1307 3707 1333 3773 si
1357 3709 1433 3798 jure
1461 3729 1529 3774 non
1563 3707 1684 3776 nititur
1718 3708 1874 3798 precibus

206 3798 286 3864 meis
307 3795 351 3864 ab
373 3797 486 3864 eodem
511 3796 688 3888 impetrare
710 3803 875 3866 connitur.
902 3799 1003 3868 Dabit
1026 3821 1102 3890 ergo
1126 3810 1160 3864 et
1183 3797 1279 3864 aetati
1306 3797 1440 3863 vertiam
1464 3797 1615 3866 cordatus
1639 3797 1756 3885 lector,
1778 3819 1811 3868 et
1836 3804 1874 3870 in
1913 3801 1914 3804 ’

201 3881 289 3956 hisee
311 3883 539 3979 dijudicandis
560 3897 699 3970 ἀκρίβειαν
722 3913 816 3956 suam
838 3891 1005 3983 aequitate
1030 3902 1064 3960 et
1085 3887 1291 3956 humanitate
1316 3887 1525 3976 temperabit.

873 4095 1120 4170 CAPUT
1179 4093 1209 4164 1.

656 4299 714 4368 De
735 4314 829 4370 statu
852 4281 1237 4370 utilitari'Ger-mnniae
1259 4299 1413 4393 antiquo.

424 4501 448 4556 C
465 4503 490 4557 0
503 4503 534 4557 Ν
538 4501 560 4554 S
573 4507 600 4560 P
612 4505 643 4559 E
651 4505 676 4559 C
689 4503 715 4556 T
727 4502 780 4560 HS
1093 4511 1251 4572 potestatem
1259 4517 1343 4566 osnes
1355 4503 1531 4570 s'mperatores
1540 4516 1591 4571 per
1600 4501 1707 4572 aliquot
1722 4503 1814 4556 seeoto
1828 4505 1878 4558 ad·
1964 4469 1976 4472 --
2091 4551 2097 4565 ,

217 4623 219 4631 ·
536 4619 538 4624 ,
1094 4589 1147 4643 due
1158 4587 1352 4652 permansisse,
1365 4585 1526 4640 ostenditur.
1537 4582 1560 4656 5.
1573 4587 1599 4636 8.

208 4671 333 4724 Veterum
344 4667 678 4742 Germanorumjbstsiudo
692 4667 1010 4728 isdiaaoostmendatur·
1060 4671 1326 4728 Dedneeeaersitus
1338 4670 1449 4742 ejusque
1460 4670 1536 4738 opud
1546 4679 1648 4723 ueteres
1666 4668 1819 4721 Germanos
1829 4687 1878 4735 po·

236 4759 260 4814 i·
274 4757 288 4803 1
511 4778 514 4786 ·
743 4791 745 4798 ·
1094 4767 1191 4812 testate
1201 4754 1370 4825 anquiritur.
1382 4751 1407 4824 5.
1422 4754 1448 4804 0.

199 4835 250 4888 As
260 4851 342 4906 eseam
354 4834 466 4891 stultum
477 4837 651 4894 muratarum
662 4857 757 4894 eorum
769 4838 896 4894 instituto
906 4839 1009 4892 milita·
1059 4843 1179 4898 minum
1193 4841 1307 4894 detentus
1318 4859 1371 4913 quo
1382 4847 1460 4910 pasta
1474 4833 1551 4910 opud
1558 4855 1606 4893 eos
1620 4855 1649 4892 se
1668 4838 1810 4904 babuerit,
1827 4857 1877 4894 se·

236 4917 319 4985 τίσις.
333 4920 358 4970 2·
1094 4925 1214 4996 ponitur.
1230 4923 1310 4991 51⁰.

196 5004 352 5064 Suuremum
365 5021 457 5058 rerum
469 5005 627 5062 ieiiioarnm
640 5007 786 5064 arbitrium
799 5009 872 5080 apud
887 5019 1012 5074 ueteres,
1060 5011 1105 5064 De
1115 5009 1309 5064 sustentatione
1318 5017 1344 5062 et
1354 5005 1493 5080 stipendiis
1507 5005 1620 5058 miiitum
1634 5005 1766 5074 agitur.§.
1781 5007 1825 5056 st.

236 5086 450 5157 Gssrmm's'tt'i
461 5107 545 5156 imm
557 5100 643 5144 ‘Mum
656 5092 794 5157 mitium·
814 5089 838 5162 5·
852 5095 879 5146 ³·
1060 5098 1178 5150 Poenas
1195 5091 1326 5148 militares
1349 5105 1471 5146 veterum
1490 5089 1691 5143 Germanorum
1717 5087 1879 5142 indicantur.

203 5174 496 5238 namneticorum.
515 5175 545 5230 in
562 5172 777 5245 gentesrunsioo
785 5173 851 5245 sut't
867 5193 951 5247 penu
968 5193 1010 5232 re·
1095 5185 1119 5240 ς.
1134 5177 1178 5230 12

234 5276 303 5328 gem.
313 5257 336 5328 5.
352 5257 376 5310 i.
1061 5264 1104 5317 De
1117 5263 1184 5329 iliis,
1196 5261 1244 5334 qui
1255 5281 1273 5316 a
1287 5257 1475 5328 miiitt'asuere
1485 5258 1605 5317 emunt
1612 5295 1619 5322 ,
1633 5247 1779 5312 disseritur.
1793 5258 1816 5322 ς.
1832 5257 1878 5308 13.

202 5341 285 5408 Qrmd
292 5343 425 5409 probatur
436 5355 464 5396 et
478 5361 529 5409 eo,
545 5342 611 5415 quie
628 5343 656 5397 in
675 5343 803 5398 omnibus
814 5359 950 5398 maenum
967 5343 1012 5397 isa·
1064 5345 1207 5417 Quomodo
1220 5346 1318 5399 aetatis
1330 5347 1462 5398 rationem
1475 5342 1504 5399 in
1527 5345 1631 5399 deiectu
1644 5343 1787 5397 notuerint
1805 5351 1879 5394 sets·

235 5425 349 5478 buerunt
360 5425 510 5496 imperium.
523 5435 545 5491 ς.
558 5428 584 5480 a.
1096 5447 1138 5484 res
1157 5431 1301 5491 Germani.
1315 5432 1473 5496 erptiaatur.
1486 5437 1507 5491 ς.
1520 5429 1563 5481 tt.

199 5509 276 5562 idem
291 5511 455 5580 argumentis
467 5507 673 5572 speciatim-itus
683 5508 829 5562 stabilitur.
841 5514 864 5571 ς.
876 5509 903 5560 Β.
1061 5515 1225 5569 Peditumne
1238 5531 1273 5566 an
1286 5511 1402 5583 equitum
1417 5514 1504 5583 major
1514 5507 1589 5582 opssd
1599 5503 1877 5578 eosfieeriidt'gnitut,

201 5593 375 5659 diffiduntur
385 5595 578 5648 dissentientes.
589 5601 612 5657 ς.
626 5596 650 5647 ’1.
945 5635 947 5640 .
1101 5598 1251 5668 inquiritur.
1265 5595 1290 5669 5.
1302 5599 1344 5650 tt.

201 5681 272 5734 Post
290 5689 402 5734 mortem
422 5681 517 5736 Ceroii
535 5699 569 5732 m.
590 5697 678 5734 rerum
694 5677 858 5742 ,bellicarum
879 5693 1014 5734 summum
1036 5723 1041 5748 ,
1064 5681 1180 5736 iiiiiriae
1192 5681 1371 5738 hodiernasa
1394 5678 1474 5735 ueteri
1493 5675 1649 5732 discrimine
1667 5675 1821 5728 innuantur
1832 5687 1878 5736 so
