4416 6230
364 291 400 342 st
568 305 574 316 =
941 264 1129 322 ntsrtrtr.
1150 263 1194 320 tt.
1215 260 1330 316 estur
1351 261 1372 313 l.

305 389 435 441 ⁴inierunt
448 383 482 438 de
495 391 566 436 sacra
580 393 601 430 s.
613 373 758 436 Trinitste,
768 363 912 438 episcopis,
924 359 1124 415 baereticisetc.

308 473 405 528 tnuttas
424 471 530 538 legeret
543 458 706 516 Theodosius
719 467 744 508 et
758 453 927 507 iustiniauns
941 447 1124 516 impetrares,

308 555 378 624 quod
397 555 534 622 utriusqus
552 553 658 604 testatur
676 540 766 602 codem
784 541 990 590 consacaserunt
1004 528 1125 590 concilia,

307 645 516 708 proposuerunt,
534 641 561 684 et
575 629 664 682 decisa
683 635 742 678 sunt
760 638 807 676 exe
1028 695 1034 708 .
1104 694 1111 706 .

305 723 370 776 eccl.
390 722 525 790 1.1.cap·
544 717 570 768 2.
589 711 613 788 fi
633 711 675 764 15.
694 719 741 762 etc.
760 705 795 760 Et
812 704 845 754 ab
857 698 980 753 omuibus
994 708 1126 766 eprsropss

307 806 340 857 ed
351 808 536 874 imperatorem
548 815 603 852 esse
612 794 778 866 appellatum,
792 781 1126 840 suttetenrertemannrr·

309 889 347 944 rit
366 889 462 942 Scbilt.
488 881 586 938 tet.
606 882 630 929 1.
652 895 676 930 e.
696 878 722 927 6.
749 881 774 936 ς.
797 871 822 924 1.
846 880 873 924 es
898 868 924 918 7.
950 865 1004 918 Nec
1030 861 1126 933 primis

307 970 516 1024 christianornm
536 959 740 1032 imperatoribus
760 965 860 1008 tantum
881 951 944 1002 baec
956 949 1025 1002 circa
1040 961 1125 1022 saero-

307 1073 367 1108 rum
384 1053 504 1122 regimen
524 1057 638 1120 potestas
656 1042 804 1114 competiit;
825 1035 870 1091 sed
888 1029 996 1088 Carolus
1016 1047 1050 1082 rs.
1070 1027 1123 1098 pri·

309 1156 368 1192 mus
385 1134 529 1207 germanici
550 1129 623 1202 regni
644 1129 802 1182 instaurator
812 1161 820 1190 ,
840 1123 948 1189 eiusque
965 1127 1125 1210 successores

310 1225 378 1291 juris
394 1221 473 1289 bujus
493 1213 646 1285 majestatici
666 1212 827 1282 negligentes
840 1220 892 1258 non·
905 1203 990 1263 sucre3
1002 1215 1071 1294 mm.
1084 1213 1126 1248 car

310 1304 447 1372 ignotum,
473 1301 541 1372 qnod
559 1301 609 1352 soli
629 1297 800 1367 imperatores
819 1285 962 1359 &inaniet
987 1292 1122 1336 constitne-

310 1389 368 1441 rint
388 1390 415 1440 in
437 1384 554 1457 imperio
572 1384 717 1452 episcopos,
736 1379 811 1431 Laus.
830 1372 910 1427 otro.
927 1371 959 1422 dc
970 1367 996 1440 1'·
1011 1368 1091 1436 episc.
1105 1370 1126 1426 §-

311 1472 355 1524 11.
374 1475 458 1525 Marc.
478 1471 539 1523 but.
558 1467 591 1520 de
612 1467 689 1519 Deru.
708 1463 726 1516 1.
744 1463 770 1514 ti.
790 1478 812 1513 c.
831 1458 875 1508 11.
893 1450 1077 1530 pr3Conriug.
1095 1446 1129 1500 de

308 1564 392 1609 const·
406 1555 518 1623 spiret.
540 1552 582 1604 31.
601 1551 654 1602 lia.
675 1547 792 1601 Praesid.
813 1552 870 1596 nat.
884 1539 922 1592 ad
941 1532 1129 1600 Brunnem.1'.

312 1635 404 1690 eccles.
422 1635 441 1687 l.
460 1638 486 1688 1.
505 1651 528 1686 c.
548 1635 575 1685 s.
593 1649 629 1682 ns.
648 1630 691 1682 12.
709 1645 738 1681 ss.
758 1628 783 1680 3.
807 1623 953 1692 episcopus·
979 1619 1035 1670 lmo
1060 1613 1127 1685 quod

310 1719 396 1792 ipsum
410 1715 564 1789 pontificem
578 1713 714 1785 elegerint,
729 1718 839 1763 testatur
852 1723 873 1758 c.
883 1705 926 1755 23.
940 1702 964 1757 d·
977 1703 1019 1754 63.
1034 1697 1129 1754 lieink

308 1803 345 1856 ale
359 1820 414 1874 reg.
426 1819 476 1855 sec·
489 1811 515 1856 et
526 1801 589 1855 cccl.
603 1798 621 1850 l.
637 1801 660 1848 1.
675 1815 697 1850 c.
711 1797 735 1848 2.
748 1811 770 1846 c.
786 1794 811 1844 1.
825 1809 853 1843 n.
868 1791 910 1841 stt.
925 1789 956 1838 lu
971 1783 1131 1857 patrimonio

313 1886 386 1938 Petri
405 1884 539 1938 ordinarit
558 1898 628 1936 sacra
647 1878 755 1931 Carolus
774 1879 812 1930 Μ.
838 1869 963 1938 Conting.
982 1867 1013 1921 de
1036 1867 1129 1930 imper.

310 1983 335 2020 r.
355 1969 444 2019 Germ,
462 1969 484 2034 ς.
504 1967 547 2018 28.
567 1966 707 2035 ipsamque
726 1957 862 2016 ecclesiam
890 1971 1023 2008 romanum
1046 1949 1128 2004 reior-

311 2052 394 2104 ruasit
413 2051 545 2104 ilenricus
565 2050 611 2101 ΙΙΙ.
633 2047 757 2101 Schilter·
778 2044 810 2097 de
831 2041 915 2094 libert.
942 2037 1006 2090 eccl.
1022 2053 1048 2104 g.
1067 2035 1085 2088 i.
1105 2035 1131 2087 3.

310 2152 337 2186 e.
356 2135 405 2187 ΧΙ.
424 2135 446 2200 5.
467 2133 509 2185 15.
535 2137 584 2187 tus
609 2148 670 2201 ergo
695 2145 826 2184 sacrorum
854 2139 985 2178 summum
1009 2119 1133 2174 babuisse

312 2215 494 2285 imperatores,
513 2233 545 2269 es
564 2215 606 2267 bis
625 2215 684 2285 plns
702 2231 779 2282 quam
798 2221 889 2280 aperte
906 2209 998 2276 liquet,
1021 2213 1048 2256 et
1072 2204 1130 2274 ptu-

312 2317 342 2353 ra
362 2297 574 2352 subministrabit
591 2297 637 2350 dn.
650 2297 765 2364 fleursig.
778 2295 808 2346 sle
812 2312 838 2366 J
850 2295 1045 2360 ¹imperaturum
1059 2285 1130 2342 cs'rcts

315 2399 407 2436 sacra.

351 2467 373 2532 §.
394 2465 418 2514 3.
438 2463 575 2535 Quomodo
594 2473 680 2516 autem
701 2481 764 2533 papa
784 2469 878 2514 tantam
900 2457 951 2512 sibi
973 2457 1000 2510 in
1021 2456 1132 2510 Germa·

316 2548 361 2600 nia
379 2546 547 2618 acquisiverit
565 2556 732 2616 potestatem,
752 2544 877 2598 bresibsrs
897 2561 965 2595 stunc
979 2541 1130 2606 dicendum

315 2631 349 2682 ab
368 2631 497 2702 episeopis
517 2630 639 2682 inchoare
657 2629 753 2693 liceat,
773 2628 817 2698 qui
838 2625 887 2679 sub
906 2624 999 2680 Carolo
1020 2643 1055 2678 ns.
1074 2626 1132 2680 sina

311 2716 367 2768 ulls
387 2715 491 2768 lucrant
509 2711 702 2782 jurisdictioue;
720 2723 758 2763 ast
773 2711 903 2779 eiusmodi
923 2719 992 2760 statu
1005 2726 1055 2760 nou
1070 2725 1130 2760 corr·

313 2798 397 2863 tenti,
417 2813 477 2851 mox
502 2795 635 2854 territoria
659 2805 835 2866 acceperunt,
854 2795 1044 2862 secuturumque
1063 2801 1130 2862 pots·

314 2894 423 2951 statem,
453 2891 479 2934 et
499 2879 577 2932 simul
597 2897 715 2949 magnam
738 2881 764 2931 in
786 2878 899 2949 irnperio
917 2877 983 2944 iuris
1002 2894 1132 2929 sacrorum

220 2991 223 2998 ·
316 2979 435 3038 prrtern,
455 2964 579 3033 Conring.
598 2964 630 3017 de
653 2974 739 3016 conss.
757 2962 838 3030 episc.
857 2970 879 3024 ς.
900 2961 942 3012 tr.
964 2959 1062 3012 illustr.
1084 2961 1131 3012 dn.

317 3051 461 3104 delibem.
481 3047 635 3118 dei-publ.
662 3046 680 3099 l.
708 3050 733 3099 1.
751 3057 769 3098 s.
795 3047 820 3098 2.
844 3047 867 3112 5
891 3045 936 3096 st.
954 3044 998 3095 98.
1023 3045 1132 3096 interim

319 3133 427 3206 quidem
449 3143 499 3185 tam
521 3132 624 3196 electio,
643 3149 720 3201 quam
741 3147 829 3181 cerrum
849 3124 1014 3180 carrlirmatio
1034 3127 1066 3178 ab
1085 3128 1134 3178 im·

316 3213 483 3292 petitoribus
501 3212 579 3279 facta,
599 3212 681 3264 donec
699 3211 844 3280 Gregorius
869 3211 929 3264 vlt.
948 3209 1011 3262 alias
1038 3210 1131 3263 stitte-

317 3295 451 3362 brandus,
471 3297 567 3362 bomo,
586 3305 616 3348 ut
634 3296 725 3366 loquar
743 3295 830 3347 serbis
849 3293 874 3344 b.
895 3291 980 3363 Ziegl.
997 3295 1033 3346 acl
1049 3297 1135 3349 lanc.

317 3379 378 3434 diss.
386 3398 482 3452 praem
503 3377 526 3450 ᾖ.
547 3380 591 3431 31.
610 3390 683 3431 natus
703 3377 829 3431 turbando
845 3379 904 3431 orb.
923 3379 1078 3442 christiano,
1092 3397 1133 3450 pe·

319 3463 369 3516 stis
388 3482 417 3516 ac
435 3465 565 3534 pernicies
584 3462 708 3515 ecclesiae
733 3478 762 3526 ac
781 3463 896 3532 reipubl.
925 3463 973 3514 sub
997 3475 1136 3532 praetexta

321 3543 447 3596 criminis
466 3543 616 3608 simoniaci,
630 3543 726 3614 impetu
740 3545 768 3597 in
782 3547 928 3597 fleuricnm
938 3547 982 3600 lV.
995 3545 1071 3614 lacto,
1086 3567 1138 3600 ma·

319 3641 398 3693 priam
417 3625 445 3676 iu
459 3643 485 3676 se
500 3627 634 3678 transtulit
646 3636 810 3696 potestatem,
825 3629 1017 3698 constituitque
1031 3650 1134 3684 monar-

320 3709 408 3765 cbirm
429 3707 668 3776 tittebrrmttnrm,
690 3710 735 3762 dn.
747 3709 907 3764 l'uiieudnrl.
921 3712 1140 3785 Einleitungsrsr

322 3795 509 3852 Hircum-
528 3793 549 3859 §.
568 3795 611 3846 21.
630 3793 742 3846 Oldenb.
762 3797 799 3850 ad
814 3796 834 3862 Ῐ.
851 3814 877 3866 p.
894 3815 921 3868 p.
944 3800 968 3848 1.
981 3795 1008 3848 d.
1025 3802 1050 3852 1.
1068 3807 1091 3863 §-
1110 3803 1136 3855 2.

263 3917 266 3924 ,
321 3875 376 3946 lpsi
396 3887 457 3929 tunc
476 3876 611 3947 principes
638 3878 745 3951 imperii
773 3879 885 3930 maxima
910 3896 942 3932 ex
969 3893 1039 3951 parte
1062 3900 1135 3938 suam

1898 240 1934 295 31

1177 364 1337 418 coarctunte,
1357 358 1471 404 statuunt
1489 339 1637 418 pontificii,
1662 343 1690 398 J.
1708 342 1743 394 ll.
1770 337 1862 394 ttbrn.
1887 337 1920 392 dc
1934 347 1991 406 pot.

1174 437 1276 507 perspi¹
1291 456 1317 507 p.
1338 436 1363 488 2.
1382 453 1410 487 n.
1431 433 1475 484 12.
1491 443 1516 485 et
1537 432 1597 484 122.
1617 427 1687 481 158.
1706 436 1738 479 tr.
1757 420 1942 478 Guicciardini
1961 419 1994 474 de

1175 521 1274 588 arr'gin.
1290 529 1346 591 pat.
1371 517 1452 571 secui.
1478 516 1542 569 ecel.
1566 531 1637 567 rom.
1662 512 1758 564 Tbom·
1784 506 1940 576 Campegins
1962 505 1994 560 sle

808 618 879 682 cuti,
899 617 924 667 b.
943 615 1089 666 Brnumm.
1101 609 1125 682 j.
1172 603 1274 674 pontifi
1293 601 1458 657 anctoritate
1477 599 1508 650 b.
1529 598 1644 654 stum.
1664 596 1697 650 sle
1714 611 1785 648 ram.
1811 592 1867 644 seri.
1892 592 1993 662 origin.

1176 696 1203 738 et
1219 697 1315 750 potest.
1336 688 1431 742 Jobsn.
1449 687 1476 738 1.
1495 682 1614 737 Steidani
1632 682 1727 734 tristor.
1746 678 1857 730 Berielrt
1874 694 1913 729 en
1940 675 1994 730 alls

1180 768 1276 840 Clturs.
1295 771 1351 824 und
1367 770 1485 822 Fiirsters
1503 768 1549 821 des
1566 764 1727 820 ueteranos
1742 755 1996 828 clesPabstsAuff·

1178 854 1235 908 und
1255 855 1425 908 Abnedmen.
1444 856 1471 907 3.
1483 850 1575 905 Ursini
1588 849 1724 917 specuium
1733 845 1821 914 jesuis.
1833 854 1909 914 pant.
1925 862 1992 898 rom.

1177 955 1239 1005 erga
1257 937 1400 1007 imperium
1421 936 1566 1008 perfidiam
1588 953 1620 988 ac
1644 931 1817 1005 tyrannidem
1840 946 1995 997 repraesen·

1177 1029 1256 1087 sarrs,
1276 1033 1299 1076 et
1314 1021 1363 1074 atii
1385 1023 1480 1092 ptores,
1499 1037 1563 1090 quos
1576 1017 1717 1070 Gotdsstus
1731 1015 1761 1069 irs
1774 1015 1858 1069 tridua
1870 1014 1949 1070 tomis
1962 1012 1995 1069 de

1177 1107 1336 1158 monarchia
1353 1125 1373 1156 r.
1393 1122 1462 1158 rom.
1478 1101 1587 1169 imperii
1601 1099 1687 1154 relect.

1214 1193 1236 1249 ς.
1257 1186 1282 1240 1.
1300 1191 1400 1243 Verum
1418 1203 1477 1240 eum
1498 1187 1543 1240 ilia
1560 1193 1648 1238 cuncta
1667 1183 1700 1236 ab
1712 1179 1834 1237 adductis
1847 1183 1996 1240 sartoribus

1180 1269 1245 1322 satis
1265 1271 1317 1322 sint
1339 1271 1465 1338 rtiscursa,
1484 1287 1533 1324 uec
1551 1269 1611 1324 boio
1625 1267 1838 1334 immorabimur,
1850 1279 1941 1340 utpote
1950 1271 1997 1340 qui

1178 1353 1247 1408 circa
1266 1365 1377 1409 statuum
1398 1355 1503 1426 imperii
1521 1358 1578 1423 jura
1597 1353 1706 1406 solliciti
1725 1369 1823 1417 sumus,
1842 1352 1994 1422 disquiren-

1181 1433 1243 1486 dum
1264 1436 1361 1509 itaque,
1381 1457 1418 1492 aa
1429 1439 1478 1511 jus
1496 1438 1568 1494 eirca
1584 1454 1666 1493 sacra
1684 1447 1814 1509 competat
1830 1438 1998 1507 principuus

1180 1519 1302 1579 imperii?
1320 1523 1376 1575 Sub
1394 1523 1452 1594 ipso
1471 1533 1578 1594 papatu,
1598 1531 1736 1592 autequam
1755 1521 1929 1591 superioritas
1944 1533 1996 1576 ter·

1181 1603 1307 1657 ritorirlis
1324 1608 1364 1659 sel
1383 1607 1569 1670 innotesceret,
1584 1607 1629 1673 ,rel
1654 1605 1688 1658 asl
1715 1607 1782 1659 itanc
1806 1605 1999 1672 eminentiam,

1180 1703 1229 1753 qna
1250 1688 1328 1742 bodie
1346 1691 1450 1758 pandet,
1468 1689 1626 1754 eseberetur,
1646 1705 1697 1742 non
1712 1689 1794 1742 ausim
1808 1691 1946 1759 quicquam
1957 1692 1999 1759 ju·

1182 1768 1219 1820 ris
1236 1770 1306 1822 circa
1326 1789 1398 1825 sarra
1418 1773 1484 1842 ipsis
1501 1787 1623 1838 ssserere3
1643 1787 1676 1824 ex
1695 1770 1907 1825 antecedentibus
1927 1774 2000 1827 anim

1182 1851 1285 1905 abunde
1303 1863 1386 1922 patet,
1404 1871 1508 1906 omnem
1527 1853 1595 1906 cirea
1614 1868 1684 1906 sacra
1703 1863 1855 1923 potestatam
1876 1856 1904 1908 in
1919 1858 2001 1931 impe.

1181 1936 1221 1989 rio
1241 1953 1320 2006 penes
1334 1939 1504 2008 imperatores
1518 1937 1656 2004 resedisse3
1670 1940 1743 2006 cnjus
1758 1942 1917 2008 majestatem
1929 1963 2002 1999 com·

1183 2021 1254 2071 muni
1275 2021 1400 2090 obsequio
1418 2031 1479 2074 tnnc
1498 2021 1623 2090 temporis
1641 2021 1829 2076 resecabantur
1847 2026 1998 2099 principes,

1181 2101 1387 2172 necquicquam
1407 2105 1677 2160 eminentissimorum
1700 2105 1800 2174 jurium
1819 2108 1873 2163 sibi
1897 2127 2003 2184 arroga-

1183 2185 1256 2251 bant,
1275 2188 1328 2239 nisi
1346 2198 1473 2258 qnatenus
1491 2189 1525 2240 sb
1543 2187 1700 2260 imperatore
1717 2191 1783 2260 ipsis
1801 2191 1908 2246 licentia
1923 2197 1993 2264 slata;

1185 2280 1320 2341 postquam
1336 2289 1396 2324 sero
1406 2273 1609 2344 imperatoribus
1622 2273 1701 2326 etiam
1716 2292 1729 2326 ι
1745 2271 1926 2344 pontificibus,
1937 2296 2002 2334 ausa

1184 2355 1324 2424 praecipue
1343 2356 1557 2410 fliideirrandiuo
1575 2356 1625 2408 boc
1636 2359 1678 2424 jus
1696 2356 1857 2429 urlemptum,
1869 2361 1924 2416 dici
1938 2379 2002 2418 sane

1183 2452 1235 2489 nou
1254 2439 1361 2508 poterit,
1380 2439 1546 2510 principibus
1565 2439 1672 2508 imperii
1685 2441 1783 2511 aliquid
1801 2445 1868 2511 juria
1886 2445 2001 2520 imper..

1183 2519 1243 2572 torii
1264 2522 1432 2590 remansisse,
1453 2532 1545 2592 utpote
1565 2524 1598 2576 de
1617 2526 1764 2595 quu,quod
1776 2527 1925 2598 habuerint,
1938 2551 2003 2586 nou·

1184 2604 1246 2656 dum
1264 2619 1377 2670 constat,
1404 2607 1575 2661 multominus
1596 2609 1649 2661 dici
1668 2613 1783 2680 poterit,
1811 2615 1870 2669 illos
1897 2621 2004 2674 acriter

1182 2694 1322 2760 quicquam
1341 2695 1409 2746 circa
1430 2694 1546 2764 regimen
1567 2713 1700 2750 sacrorum
1719 2700 1908 2770 acquisivisset
1931 2705 2015 2776 quoti

1183 2773 1253 2826 enim
1275 2775 1427 2848 imperatori
1447 2777 1580 2848 ‹tenegarit
1599 2779 1729 2848 pontiies,
1748 2793 1818 2838 certe
1837 2786 1897 2840 aliis
1916 2787 2004 2858 impe·

1185 2859 1219 2913 rii
1240 2860 1349 2915 statibus
1362 2879 1415 2915 non
1429 2861 1556 2928 indulsits
1569 2873 1596 2916 et
1607 2868 1727 2935 quamsis
1740 2878 1827 2938 poster
1841 2871 1911 2924 circs
1925 2890 2004 2928 anno

1187 2943 1446 3000 stercorentur
1467 2945 1710 3018 interpontibceur
1730 2962 1755 3004 et
1782 2953 1916 3008 nationum
1942 2974 2003 3026 per·

1185 3031 1313 3082 manicam
1333 3032 1409 3095 inita,
1429 3032 1473 3084 rix
1492 3033 1631 3103 quicquam
1653 3047 1738 3088 tamen
1752 3035 1795 3086 bic
1810 3041 1940 3108 remansit
1954 3042 2007 3096 ius·

1185 3116 1309 3186 persicci,
1329 3135 1405 3186 quarn
1426 3117 1478 3169 saia
1500 3118 1651 3172 inrestitura
1670 3119 1853 3190 episcoporum
1868 3141 1948 3194 super
1961 3143 2004 3178 re·

1185 3199 1297 3267 gaiibus3
1317 3199 1386 3253 nusle
1404 3201 1501 3254 i⁴erum
1522 3199 1661 3256 manifeste
1678 3214 1786 3272 constat,
1806 3206 1844 3258 nil
1866 3211 2006 3280 quicquam

1186 3282 1305 3334 retiatum
1326 3285 1437 3336 statibus
1457 3285 1575 3356 imperii,
1598 3285 1640 3338 sed
1661 3287 1761 3352 eadem,
1784 3289 1806 3342 si
1829 3308 1882 3344 uon
1902 3293 1999 3349 minori

1187 3367 1291 3420 fortuna
1310 3367 1381 3438 ipsos
1399 3385 1459 3420 corn
1479 3371 1638 3440 imperatore
1655 3389 1715 3425 usos
1734 3371 1827 3439 inisse,
1847 3375 1873 3430 b.
1890 3394 1915 3430 e.
1933 3380 2005 3434 nibil

1187 3452 1255 3502 circa
1265 3467 1336 3503 sacra
1347 3453 1418 3521 ipsos
1430 3457 1577 3507 exercuisse
1587 3455 1662 3522 juris,
1671 3453 1715 3507 sed
1730 3467 1883 3528 potestatem
1894 3479 2006 3517 omnem

1188 3537 1216 3587 in
1230 3531 1386 3604 pontificem
1400 3547 1425 3588 et
1440 3539 1574 3608 episcopos
1588 3539 1733 3594 devolutam
1748 3540 1839 3596 luisse.

1223 3615 1245 3688 5.
1266 3619 1290 3669 5.
1309 3623 1367 3674 linc
1381 3633 1471 3676 tamen
1490 3640 1540 3675 non
1559 3619 1687 3689 diffiteor,
1706 3625 1863 3693 quibusdam
1883 3627 2007 3702 exprin-¹

1187 3701 1292 3773 cipibus
1309 3704 1389 3755 etism
1409 3703 1456 3754 illo
1475 3712 1601 3774 ternpore,
1619 3716 1758 3776 antequam
1773 3707 1821 3761 boc
1833 3712 1874 3778 jus
1886 3725 2007 3785 ereptum
2052 3745 2057 3752 ,

1188 3787 1401 3858 imperatoribus,
1422 3789 1515 3841 borum
1530 3790 1687 3860 benignitate
1705 3794 1925 3850 communicatum
1943 3797 2007 3854 fuis·

1190 3889 1232 3936 se;
1252 3875 1291 3926 sic
1311 3873 1338 3925 in
1357 3875 1443 3943 specie
1462 3871 1524 3926 duci
1540 3875 1678 3933 Baoariae
1698 3873 1829 3944 singulare
1846 3880 1888 3946 jus
1906 3883 2005 3936 consti·

319 3961 483 4038 promosisse
509 3960 655 4032 perniciem
680 3961 798 4015 referunt
822 3962 965 4028 historici,
992 3968 1139 4022 deserent„
1191 3957 1281 4010 tuendi
1300 3959 1436 4028 episcopos
1454 3959 1595 4026 competiit
1613 3976 1627 4010 ι
1646 3967 1765 4028 tempore
1784 3961 1895 4014 fleurici
1914 3962 1937 4016 I.
1957 3968 2009 4019 im.

323 4030 520 4113 imperatorem,
540 4043 584 4114 qni
605 4043 701 4097 exinde
719 4045 811 4112 magis,
824 4063 900 4114 quam
916 4047 1061 4115 pertinacia
1076 4069 1138 4119 pnn-
1190 4043 1319 4112 peratoris
1339 4041 1465 4093 Sobitter.
1483 4043 1509 4095 d.
1527 4051 1560 4092 tr.
1577 4039 1595 4092 1.
1616 4042 1641 4092 3.
1659 4059 1681 4096 c.
1699 4041 1724 4092 1.
1736 4048 1759 4104 5.
1773 4043 1798 4095 9.
1811 4043 1845 4096 Et
1858 4045 1937 4100 duces
1951 4050 2010 4102 Pa.

323 4124 406 4178 tibris
423 4126 548 4193 desictus,
569 4127 675 4180 tandem
690 4129 870 4197 episcoporum
884 4132 1094 4186 constitutionem
1109 4135 1136 4186 in
1189 4128 1327 4179 meraniae
1345 4143 1466 4195 magnam
1485 4141 1591 4192 semper
1605 4125 1727 4180 babuisse
1739 4127 1951 4194 jurisdictionem
1965 4150 2007 4186 ec·

322 4207 403 4260 istius
420 4211 560 4278 resignarit
581 4229 691 4272 munus;
710 4213 818 4265 accessit
837 4212 942 4265 inscitia
961 4227 986 4270 et
1007 4217 1139 4274 hanimi„
1187 4209 1371 4274 clesiasticara,
1390 4220 1416 4262 et
1435 4209 1576 4280 episcopos
1597 4209 1664 4278 ipsis
1683 4210 1848 4278 simpliciter
1861 4213 2009 4284 subjectos,

323 4290 481 4356 hominum
509 4292 618 4345 arcessit
637 4294 807 4364 superstitio,
826 4313 875 4364 qua
896 4298 964 4350 nulia
991 4316 1031 4353 res
1055 4306 1137 4372 magt.
1188 4293 1305 4363 ipsisque
1322 4293 1354 4346 ad
1375 4293 1477 4347 serritir
1495 4293 1624 4361 obligatos
1649 4292 1745 4359 luisse,
1772 4294 1884 4350 dirersis
1911 4300 2008 4369 probas

214 4441 217 4448 ⁴
324 4373 392 4444 regit
411 4377 579 4444 ignorantes;
598 4377 653 4428 imo
671 4395 775 4430 romana
795 4379 904 4433 ecclesis
923 4383 1001 4453 sicuti
1019 4383 1139 4442 «inficis,
1188 4377 1253 4431 locis
1270 4376 1304 4429 D.
1324 4377 1455 4428 Martinus
1474 4376 1565 4442 lirngu
1582 4375 1611 4428 irs
1631 4376 1730 4444 origin.
1743 4379 1856 4432 Pomer.
1877 4380 2009 4452 inprimis

322 4456 435 4510 veritate
453 4459 593 4528 apostolica
614 4460 755 4528 paulatim,
781 4461 820 4514 sic
841 4483 944 4534 qnoque
968 4472 1080 4524 accrevit
1098 4474 1134 4526 tn.
1186 4479 1245 4532 pag.
1265 4461 1329 4512 108.
1343 4461 1404 4511 310.
1419 4461 1481 4510 311.
1492 4459 1571 4512 Unde
1584 4461 1610 4511 iu
1624 4461 1715 4512 comit.
1729 4461 1823 4530 imper.
1836 4482 1912 4518 anno
1929 4467 2009 4521 1311.

324 4545 394 4612 justa
414 4550 530 4613 potestus
550 4545 703 4608 successive,
722 4544 854 4600 muderrte
872 4551 1019 4621 principio,
1042 4555 1068 4606 in
1082 4555 1139 4609 (tie,
1188 4563 1220 4597 ex
1240 4545 1357 4614 antiquis
1369 4545 1602 4598 constitutionibus
1621 4546 1847 4618 observantiisque
1865 4549 2005 4612 <inductum

324 4625 450 4693 rigidius,
469 4624 539 4680 conf.
561 4629 640 4679 Duar.
659 4626 691 4680 de
708 4644 778 4682 sacr.
798 4632 860 4684 eccl.
880 4631 945 4686 min.
964 4653 999 4687 ac
1018 4636 1104 4708 benef
1123 4640 1139 4692 t,
1190 4630 1300 4699 prolixe.
1319 4631 1437 4684 warumb
1455 4629 1504 4682 der
1522 4628 1687 4699 Bisctroffeu
1705 4631 1831 4684 Cammr'n
1843 4633 2008 4692 lsein'Stand

330 4709 363 4760 V.
381 4723 404 4758 e.
424 4707 449 4757 8.
468 4706 568 4760 Graves
589 4725 649 4759 sane
667 4720 805 4780 eapropter
824 4712 1139 4784 interpositseaGer-nu.
1190 4715 1236 4767 des
1253 4713 1359 4769 Reiclrs.
1377 4713 1525 4768 iesondern
1546 4715 1595 4766 der
1617 4719 1739 4784 Hennae
1768 4733 1826 4769 von
1852 4721 2008 4776 Pommern

323 4787 368 4840 tris
389 4790 600 4857 protestationes,
620 4791 665 4842 sed
686 4812 758 4845 ruore
772 4793 966 4850 Germanorum
981 4801 1059 4854 solito
1083 4804 1141 4858 sine
1193 4799 1311 4853 Odrister
1327 4797 1491 4854 Lauri-Rath
1510 4797 1569 4851 und
1585 4799 1713 4869 Capellan
1731 4815 1793 4870 ses,
1812 4801 1934 4873 idemque
1947 4821 2010 4875 pm.

325 4869 426 4930 11111111.
445 4881 468 4922 0¹
490 4873 559 4923 1111111
578 4874 657 4926 etirru
679 4893 725 4944 per
745 4876 912 4934 avisamenta
930 4885 1140 4941 constantiensia
1192 4883 1232 4938 brt
1251 4882 1382 4952 Biscboff
1390 4883 1671 4954 Sclrwaienffertrug
1687 4883 1713 4936 ri.
1732 4901 1807 4938 anna
1823 4886 1866 4938 15.
1882 4885 1925 4938 15.
1937 4888 2009 4944 addc

324 4955 536 5023 lmi‘llilem'il·
558 4974 604 5024 W
623 4961 784 5027 '¹²⁰3‘t'2'1'm1
802 4961 907 5030 quidem
929 4965 987 5032 plus
998 4971 1141 5034 consecuti,
1191 4965 1235 5021 die
1251 4968 1309 5022 Eri
1323 4969 1586 5037 Vereinr'gungiuter
1597 4967 1874 5024 ducesl’orrsrrans'ae
1886 4972 1919 5024 de
1932 4989 2011 5026 anno

324 5033 369 5085 riu.
388 5035 471 5101 Ziepl.
489 5035 527 5086 ad
542 5039 629 5090 lanc.
648 5040 665 5090 t.
686 5043 709 5091 t.
730 5049 748 5092 t.
768 5043 809 5094 27.
829 5051 850 5106 t.
871 5045 914 5096 20.
940 5057 995 5099 not.
1017 5049 1141 5120 Cnuring.

324 5120 342 5170 i.
362 5133 382 5170 c.
400 5115 425 5189 ᾗ.
443 5115 487 5170 dl.
507 5119 558 5174 Seri
578 5123 677 5176 utinam
698 5124 753 5194 pari
764 5163 773 5189 ,
790 5145 840 5196 qno
859 5127 947 5182 Gallia
972 5133 1082 5186 consilio
1100 5137 1141 5202 jus

324 5220 400 5256 sunm
420 5203 551 5272 prosecuti
569 5202 690 5259 inissent.
711 5208 799 5262 Potius
819 5229 880 5264 nora
901 5215 996 5267 iterum
1009 5233 1067 5269 cum
1080 5237 1141 5289 pou·

326 5283 400 5337 tiliae
418 5283 498 5337 inisit
515 5297 587 5357 pacta
607 5289 764 5346 Friderr'cus
778 5297 831 5347 ΙΙΙ.
845 5299 951 5350 nomine
963 5303 1141 5355 concordato-

326 5383 387 5419 rum
405 5377 433 5420 et
451 5371 489 5421 sic
508 5387 558 5422 uno
577 5387 667 5425 rursus
686 5375 740 5426 ictu
757 5377 829 5430 omui
848 5380 907 5446 jure
924 5385 1051 5450 priratns,
1063 5379 1142 5436 dimi·

327 5449 408 5517 diam,
428 5449 449 5502 si
469 5468 520 5505 non
541 5457 665 5524 majorem
685 5459 825 5528 majestatis
844 5475 941 5532 partem
954 5464 1045 5517 amisit
1063 5465 1144 5538 irnpe-

327 5543 407 5594 rator:
426 5533 488 5587 baec
505 5537 554 5599 sir,
574 5538 618 5590 bic
631 5539 722 5594 modus
735 5553 784 5605 est,
798 5561 848 5611 quo
860 5562 931 5598 surm
947 5548 1071 5602 stabilirit
1087 5569 1140 5602 ruu-

326 5616 460 5674 narcbiam
481 5618 612 5691 pontifex,
629 5639 706 5692 quarn
726 5623 882 5696 absolutam,
900 5632 958 5686 sine
969 5633 1042 5686 omui
1057 5635 1144 5706 regula

1193 5053 1317 5106 15821.
1336 5053 1378 5104 25.
1393 5051 1444 5122 jul.
1462 5053 1502 5104 tit.
1522 5053 1605 5105 Ktrctr
1623 5053 1681 5106 und
1690 5051 1772 5122 ‚Stiffl
1796 5054 1935 5110 Cameria.
1963 5057 2014 5110 nia·

1192 5133 1297 5194 dr'eitnr,
1310 5135 1373 5188 dass
1382 5136 1520 5206 episcopus
1534 5135 1576 5188 die
1590 5137 1800 5192 Pammerselren
1812 5137 1930 5191 Fttrsten
1943 5139 2012 5194 salle

1195 5215 1243 5267 mis
1259 5218 1477 5286 rantertbaenr'ger
1495 5219 1627 5271 Reverere
1640 5219 1794 5287 agnoseirru
1808 5220 1864 5275 und
1876 5221 1958 5273 ilmen
1972 5222 2012 5273 sl·

1195 5300 1322 5354 ternatire
1341 5301 1426 5371 Fulge
1438 5303 1496 5356 und
1506 5301 1618 5356 Dienste
1630 5302 1732 5369 leisten,
1747 5314 1771 5356 rt
1787 5303 1868 5357 multa
1885 5303 1934 5357 lsue
1947 5321 2010 5372 per·

1195 5385 1304 5438 tinentia
1329 5388 1461 5440 nobilibus
1483 5387 1510 5440 iu
1536 5388 1651 5444 comitiis
1677 5388 1797 5458 proriuc·
1822 5409 1856 5444 eu
1887 5389 2010 5460 Treptass.

1194 5487 1270 5523 anno
1292 5471 1368 5524 1585.
1386 5475 1485 5544 prolata
1505 5485 1575 5537 suut,
1593 5491 1625 5526 es
1645 5473 1739 5542 quibus
1758 5475 1919 5543 caeterisque
1945 5473 2013 5528 actis

1194 5554 1307 5625 publicis
1324 5575 1423 5628 quoque
1443 5567 1543 5622 uotum,
1562 5557 1629 5627 quod
1641 5577 1716 5612 anna
1731 5557 1812 5611 1519.
1825 5575 1876 5628 qno
1891 5569 2014 5628 tempore

1192 5637 1308 5694 nondum
1327 5652 1429 5715 recepta
1447 5652 1503 5698 erat
1520 5644 1550 5696 iu
1570 5643 1723 5698 Pomerrnia
1742 5641 1835 5715 religio
1848 5643 2008 5714 esrngeiicr,
