4456 6220
252 2663 256 2667 -
332 2640 369 2682 aet
396 2628 461 2692 hic,
480 2643 561 2696 quare
579 2625 602 2676 si
623 2625 711 2677 minor
731 2623 863 2676 incestum
882 2623 952 2691 iuris
970 2624 1059 2676 cicilia
1077 2641 1148 2676 corn·

384 253 436 310 stt
941 259 1128 320 ntsmrar.
1148 265 1194 318 xt.
1214 265 1333 320 cirta
1351 269 1383 323 v.
1908 263 1961 316 ³³⁶

364 365 466 410 natura
485 351 622 422 grauiora
644 361 721 416 sunt,
746 350 888 404 humanius
913 373 995 424 quoru
1020 353 1149 408 adulterii
1196 366 1238 410 aut
1258 359 1309 412 alio
1327 373 1420 428 genere
1434 374 1506 412 serra
1520 353 1605 419 fieret,
1620 354 1726 410 etiamsi
1738 372 1770 409 ea
1782 373 1814 411 ea
1826 362 1948 408 usamtur
1961 354 2013 419 iam
2090 427 2094 434 .

362 439 480 492 tractari
490 433 621 491 solent2si
633 433 715 489 modo
729 435 858 490 incestam
874 454 924 508 per
938 439 1151 502 matrimonium¹
1196 440 1286 496 effecta
1307 461 1389 498 seras.
1410 444 1443 498 dt
1456 441 1597 496 dicendum
1612 453 1690 514 puto,
1704 459 1738 498 ex
1751 441 1941 495 constitutione
1953 455 2015 493 eum

358 518 482 573 illicitam
498 528 665 576 contractum
679 521 721 571 sit.
1196 526 1309 579 liberum
1331 529 1420 590 nasci,
1437 545 1502 598 quae
1521 524 1684 596 significatur
1702 526 1778 580 serbo
1796 525 1891 594 placuit
1911 523 1929 575 l.
1943 524 1969 574 t.
1988 529 2010 584 ς.

1193 631 1222 677 p.
1239 611 1390 666 constitutio
1407 611 1644 681 haccvperlrilsetur
1662 611 1690 663 iu
1709 609 1735 662 d.
1753 607 1772 660 l.
1791 607 1818 658 l.
1831 625 1853 659 c.
1867 605 2013 674 teporata.

1196 695 1235 760 jas
1255 693 1427 763 separandum
1447 711 1533 748 esses
1553 693 1750 757 constitutione,
1768 689 1785 743 l.
1806 691 1848 744 32
1867 691 1899 745 de
1912 691 2013 744 condit.

1187 789 1221 830 .et
1238 779 1386 832 demonstr.
1403 779 1422 831 l.
1440 778 1465 830 l.
1483 781 1503 836 ς.
1523 779 1566 831 tt.
1584 780 1617 832 de
1634 777 1690 832 tat.
1705 777 1768 830 mal.
1788 785 1815 830 et
1833 785 1895 829 met.
1909 783 2017 843 except.

1193 860 1235 927 jus
1253 876 1326 927 esse,
1343 862 1384 928 jus
1403 871 1484 925 relus3
1499 859 1705 916 constitutiones
1721 860 1764 925 ius
1782 875 1885 920 aarum
1897 859 1956 926 jure
1968 873 2014 910 ec·

1197 945 1255 1007 teri,
1275 942 1342 1012 quod
1362 943 1390 995 iu
1410 943 1458 996 ltro
1476 945 1531 1014 lege
1551 945 1644 997 Paulus
1662 942 1814 1013 spectabat,
1835 951 1936 1011 tempus
1954 941 2014 994 edi-

1197 1025 1278 1078 tiauie
1297 1027 1458 1097 inspicitur,
1478 1045 1530 1082 nou
1552 1038 1657 1098 tempus
1675 1027 1871 1096 conceptionis,
1893 1027 1912 1080 l.
1935 1027 1960 1078 9.
1980 1025 2018 1080 ad

1197 1109 1324 1180 munr'cr'p.
1342 1111 1442 1164 Verum
1468 1123 1508 1165 est
1528 1112 1624 1180 igitur,
1650 1112 1750 1164 aditum
1776 1127 1808 1164 ea
1833 1109 1948 1163 muliera
1969 1108 2017 1160 da·

774 1249 776 1256 (
1198 1201 1284 1244 mnata
1304 1191 1333 1242 iu
1352 1195 1503 1258 metallum,
1522 1213 1600 1263 quiem
1621 1196 1694 1263 prius
1716 1195 1760 1245 illa
1776 1202 1947 1264 conceperat,
1961 1205 2015 1246 tet·

328 1283 350 1340 §.
371 1277 396 1330 1.
417 1225 629 1330 Durissirnaet
651 1273 815 1330 incestaret
835 1277 960 1331 adulterii
982 1297 1064 1350 poem
1085 1290 1149 1346 est,
1197 1291 1256 1327 raro
1278 1275 1400 1327 nascier
1421 1277 1551 1330 sententis
1571 1278 1701 1347 principis
1719 1295 1751 1330 ea
1769 1281 1825 1344 jure
1843 1277 1943 1341 aeteri,
1969 1274 2015 1328 sed

327 1359 1149 1430 utraquepraratioaecireumstautiarumadmortemerteu·
1198 1357 1317 1410 wilini·
1338 1370 1420 1414 matre
1439 1357 1568 1415 beneficio
1595 1361 1744 1432 principis,
1767 1358 1831 1416 tirco
1852 1361 1932 1414 ctiam
1959 1363 2016 1427 jara

327 1444 408 1498 ditur.
422 1443 540 1497 lucetius
553 1457 637 1498 autern
657 1444 697 1498 ael
710 1456 803 1499 contr.
817 1449 857 1513 ju.
871 1451 1003 1514 gentium,
1026 1451 1064 1502 pel
1085 1467 1148 1502 000.
1197 1441 1346 1510 agneliouis
1366 1444 1480 1497 teslilttle
1501 1444 1596 1498 tideri-
1615 1446 1764 1498 flurnaulue
1782 1461 1841 1514 ergo
1860 1457 1914 1508 etat
1929 1446 2017 1508 Parta,

330 1544 366 1584 rra
379 1533 420 1600 jus
433 1530 511 1584 civite
529 1529 726 1592 conmittitur,
742 1544 832 1584 enain
848 1532 931 1594 tttnt,
946 1534 1149 1588 stannaturae
1197 1523 1279 1576 ettam
1301 1525 1357 1591 jur.
1376 1527 1539 1596 cognationis
1559 1528 1717 1598 Sempronio
1737 1528 1853 1582 restitute
1864 1527 1959 1591 uttan,
1973 1531 2018 1582 be·

328 1627 354 1672 ει
372 1614 564 1669 descendentes
581 1617 793 1683 miungustlur‚
812 1625 903 1668 (eoum
923 1616 990 1680 hoc,
1010 1619 1032 1669 gi
1055 1637 1147 1688 pem.
1199 1601 1325 1660 aeficium
1345 1609 1417 1661 enirn
1437 1610 1567 1682 pl'llJClpl!
1588 1611 1744 1682 pldtllssll'sse
1768 1611 2020 1684 iuletpteletttltttn,

328 1719 376 1755 uae
393 1717 424 1754 es
443 1701 526 1754 latere
544 1699 612 1753 iuter
632 1716 661 1751 se
678 1710 793 1753 corum.
818 1699 872 1752 rid.
896 1699 1022 1770 Carpeor.
1041 1721 1085 1771 gu.
1105 1701 1149 1754 tu
1198 1689 1321 1746 lii-‘l‘
1332 1692 1417 1748 adim·
1429 1693 1479 1765 les·
1493 1694 1512 1748 l·
1523 1695 1630 1766 penne
1642 1693 1825 1767 costel-princ·

330 1789 375 1841 tc.
394 1786 439 1842 tt.
1097 1795 1099 1802 ’

617 701 843 744 exeussus

559 857 902 914 vaMAntr

326 1031 424 1085 Poena
438 1027 556 1081 maestus
569 1035 594 1079 et
606 1023 745 1080 adulterii.
759 1033 783 1090 5.
796 1028 822 1079 1.

325 1115 443 1168 Incestus
455 1109 572 1181 gracias,
581 1107 683 1163 crimen
696 1120 735 1163 est
745 1127 779 1162 ac
788 1110 958 1166 adulterium.
972 1109 995 1184 5
1008 1111 1033 1168 2.

1481 1859 1505 1915 C
1524 1860 1543 1914 t
1565 1863 1583 1918 8
1601 1863 1626 1918 tt
1646 1863 1664 1918 S
1702 1865 1736 1918 V.

1352 1976 1383 2029 1..
1400 1994 1453 2031 uau
1473 1989 1584 2034 tautum.
1602 1981 1650 2035 Vl.
1669 1979 1696 2033 li.
1715 1978 1749 2033 do
1765 1981 1859 2050 appell.

363 1877 388 1935 ς.
405 1871 430 1923 2.
450 1870 526 1924 Prior
545 1869 661 1924 incestus
678 1867 784 1938 gratius
801 1877 891 1922 natura
904 1870 1005 1924 crimen
1018 1888 1047 1925 ac
1061 1871 1149 1942 ipsum

329 1957 486 2012 adulterium
506 1966 555 2009 est.
574 1954 651 2010 Cani.
669 1951 798 2016 Gallicis.
817 1951 857 2006 acl
871 1955 898 2006 lr.
917 1955 936 2008 l.
954 1954 987 2009 de
1005 1955 1150 2024 posteriora

329 2043 433 2098 dubitat
454 2041 623 2110 Papinianus,
642 2049 670 2092 ct
689 2040 717 2091 iu
736 2037 942 2100 §.antecedenti
962 2036 1072 2102 decidit,
1093 2057 1150 2092 nru-

330 2130 423 2182 liorem
444 2137 499 2180 tum
517 2127 625 2178 derorum
644 2140 713 2185 mm,
730 2138 808 2191 quam
829 2122 959 2175 masculas
977 2139 1088 2192 poenam
1109 2141 1150 2176 su·

332 2213 441 2275 stiuere,
461 2213 482 2262 si
504 2209 631 2262 incestum
649 2214 740 2259 contra
760 2209 801 2275 jus
820 2207 942 2274 gentium
962 2207 1149 2261 eornmiserit.

338 2298 367 2350 Si
395 2295 467 2347 caira
493 2294 546 2344 sola
575 2292 639 2354 ,uris
666 2289 750 2343 nostrl
776 2289 925 2344 obseruatio
951 2289 1148 2356 intervenerit,

330 2380 427 2432 mulier
444 2376 478 2430 ab
497 2374 590 2427 incesti
609 2374 722 2426 crimine
740 2372 794 2426 erit
813 2383 951 2438 eacautag
967 2372 1037 2425 idem
1052 2374 1087 2426 de
1099 2372 1149 2426 nsi·

333 2480 411 2527 note,
428 2460 523 2523 milite,
542 2460 588 2529 qui
608 2459 649 2525 jus
668 2457 746 2510 risile
766 2458 886 2526 ignorare
905 2467 1037 2526 possunt,
1055 2457 1149 2511 diceu-

332 2545 407 2608 rlurn,
422 2543 497 2614 conf
510 2541 528 2592 l.
545 2545 590 2594 tt.
603 2547 626 2602 ς.
647 2543 674 2592 1.
676 2539 716 2608 ff
729 2542 767 2592 ael
783 2538 800 2592 l.
808 2539 864 2611 jul.
880 2539 958 2598 ,Tatta
975 2539 1056 2592 stiam
1074 2557 1149 2593 catus

1205 2096 1297 2150 Turdo
1315 2098 1351 2152 ab
1366 2098 1562 2168 gravissimam
1578 2099 1690 2170 aliquod
1698 2100 1807 2156 ,crimen
1818 2137 1825 2164 ,
1838 2117 1891 2171 prro
1904 2103 2020 2158 sociata·

1234 2181 1270 2234 tir
1288 2183 1426 2238 dumanas
1444 2185 1588 2238 vineolam
1596 2185 1761 2247 turbaverat,
1774 2183 1975 2238 condemnatur·
1983 2185 2022 2239 ad

1232 2265 1390 2335 supplicium
1409 2266 1526 2320 ducitur.
1541 2267 1625 2321 Titius
1639 2277 1665 2320 et
1678 2267 1801 2322 Macrim
1813 2267 1951 2338 singulari
1961 2268 2021 2338 pis·

1233 2356 1287 2400 tate
1298 2349 1375 2402 ducti
1380 2388 1388 2415 ,
1401 2367 1453 2418 pra
1474 2351 1602 2404 Turbone
1614 2353 1667 2406 lroe
1676 2350 1858 2408 condemnata
1871 2355 2021 2425 appellant,

1234 2451 1273 2486 arr
1290 2433 1437 2486 sr'stendam
1459 2434 1638 2504 supplicium,
1656 2446 1683 2488 et
1701 2435 1880 2508 appeltattanr‘
1897 2438 2023 2507 deseren-

1235 2517 1321 2570 dam?
1338 2518 1424 2571 cerlis
1442 2517 1651 2588 elegantissimis
1669 2520 1721 2573 lsoc
1737 2519 1835 2574 desidit
1864 2521 2020 2592 Ulpianus.-

1235 2619 1290 2654 nan
1308 2611 1408 2653 tantam
1427 2603 1462 2666 ei,
1479 2603 1524 2671 qui
1545 2603 1575 2654 ad
1590 2603 1753 2675 supplicium
1765 2605 1869 2658 ducitur
1882 2623 2021 2686 prosocer?

1233 2685 1421 2756 permittitur,
1436 2701 1525 2738 aerum
1544 2687 1590 2738 elii
1608 2705 1713 2758 qumque
1731 2688 1842 2743 nornine
1860 2689 1946 2760 ipsias
1966 2709 2020 2744 uun

1201 2817 1203 2820 .
1235 2779 1334 2822 tanturn
1361 2773 1382 2821 si
1411 2772 1458 2823 ille
1482 2773 1668 2835 mandaverit,
1691 2791 1782 2828 serum
1806 2775 1928 2846 quisquis
1955 2778 2023 2831 alius

1234 2867 1376 2924 provocare
1394 2857 1526 2922 solareris,
1542 2875 1625 2926 neque
1645 2859 1838 2930 distinguitur,
1857 2873 1946 2914 utrum
1974 2879 2021 2916 ns·

1236 2939 1364 2992 cassarius
1383 2940 1419 2993 sit
1437 2958 1485 2994 uec
1504 2938 1557 2994 ne?
1577 2939 1661 2995 Credo
1680 2945 1768 3006 enim,
1788 2942 2027 3002 liumursitacisra·

1237 3025 1310 3080 tione
1327 3041 1433 3079 ornnem
1452 3037 1640 3100 provocantem
1655 3030 1744 3082 rediri
1764 3028 1867 3086 deusta

332 2711 453 2775 miserit,
473 2707 576 2764 mitiori
595 2708 663 2760 laune
688 2725 765 2776 quam
785 2705 909 2760 adrrtterii
928 2723 1013 2777 poena
1031 2703 1147 2761 afficien-

332 2793 405 2858 dum,
425 2793 574 2847 humanitas
592 2791 719 2846 canterat.
736 2791 764 2842 Si
782 2791 861 2844 mata
880 2793 1013 2844 incastum
1030 2809 1078 2862 per
1093 2810 1148 2846 rna·

333 2879 487 2933 trimoniurn
506 2876 634 2930 illicitum
650 2875 820 2936 contraxerit,
847 2875 1003 2944 praesertim
1022 2875 1151 2948 publice,

281 2983 284 2989 ·
333 2959 379 3012 alsi
399 2971 428 3014 ut
446 2975 536 3016 errans
555 2969 700 3024 crematur,
718 2954 814 3028 Μ’]
829 2956 921 3012 derit.
935 2966 1012 3028 nupt.

603 3124 789 3184 GASUS
831 3129 877 3185 ll.

381 3250 409 3304 t.
428 3249 461 3303 in
476 3249 623 3304 rastellum.
639 3247 665 3302 l.
683 3247 712 3302 tt.
730 3247 763 3302 ds
781 3257 849 3301 sont.
869 3246 955 3317 passis
973 3255 999 3299 et
1019 3244 1104 3299 restit.
1177 3223 1180 3228 ¹

333 3367 492 3442 captante
512 3367 609 3422 mulier
624 3366 713 3422 lilera
724 3385 785 3421 cam
795 3383 952 3439 praegnans
963 3375 1038 3429 esset,
1053 3366 1081 3416 in
1095 3381 1149 3418 me-

367 3455 464 3508 tallum
480 3449 622 3520 damula,
641 3451 705 3505 aaa
723 3471 756 3506 ea
762 3451 897 3522 fungitur
913 3467 1012 3516 poeno,
1024 3447 1150 3515 Sempro·

1502 3209 1733 3252 URGHH..

1442 3365 1781 3422 strumam

369 3540 444 3592 rium
462 3555 516 3610 gno
533 3534 647 3606 gravida
666 3547 731 3598 emt,
749 3535 840 3599 edidit,
859 3543 921 3605 post
933 3533 1067 3586 lerseficia
1076 3535 1151 3602 prin·
1201 3535 1248 3586 An
1260 3532 1289 3589 in
1303 3533 1489 3588 criminalibus
1499 3533 1644 3606 appellatio
1657 3531 1845 3589 admittatur?
1848 3531 1871 3607 §.
1887 3535 1910 3588 1.

369 3621 438 3691 capis
456 3619 579 3677 restituta
594 3618 623 3671 in
643 3617 791 3688 integram,
810 3635 896 3687 saque
912 3615 1019 3670 ratione
1036 3617 1150 3671 liberta·
1202 3619 1345 3672 desolatio
1359 3618 1440 3671 dnlr'r'.
1453 3620 1477 3684 §.
1493 3618 1516 3670 2.

368 3718 421 3760 tem
440 3715 466 3762 st
483 3703 620 3759 errantem
634 3714 660 3756 et
669 3703 739 3776 jura
756 3701 945 3774 cognationis,
970 3719 1041 3772 gaas
1063 3699 1150 3756 maari-
1201 3701 1346 3755 Adranam
1359 3702 1387 3756 in
1401 3699 1587 3756 erirninalilus
1602 3717 1657 3752 non
1669 3697 1779 3752 admitti
1797 3699 2024 3772 appellationem·

371 3808 416 3844 ma
433 3786 532 3856 capitis
550 3784 730 3840 diminutione
749 3786 892 3850 amiserat,
913 3786 1013 3856 recipit.
1035 3787 1150 3854 Quaeri·

1238 3797 1259 3852 ς.
1278 3786 1304 3837 8.

369 3883 431 3938 tur,
449 3889 487 3926 att
506 3871 672 3938 Sempronio
682 3871 744 3926 lrurc
756 3871 834 3924 etiam
848 3869 1018 3940 cognationis
1029 3870 1099 3941 jura
1111 3886 1152 3920 ra-
1204 3873 1277 3940 Qmoe
1290 3867 1469 3926 humanitatis
1480 3869 1571 3921 ratio?
1581 3881 1600 3934 ς,
1614 3869 1640 3922 t,

368 3957 460 4010 stitrrta
477 3953 683 4023 intelligantur?
701 3953 865 4018 Romanius,
883 3952 971 4022 inanit
993 3954 1096 4015 Patulus,
1112 3953 1142 4003 di
1201 3959 1442 4010 denunciarerson
1453 3954 1514 4009 licet
1525 3952 1703 4026 appellationi
1722 3955 1784 4012 tlt..

370 4050 462 4106 catur,
477 4039 560 4092 etiam
574 4036 637 4091 lauis
656 4037 823 4110 cognationis
836 4037 905 4107 p'ura
922 4037 1047 4090 restituta
1059 4035 1153 4090 rideri.

1201 4123 1223 4190 §.
1246 4124 1270 4173 1.
1291 4075 1333 4176 lu
1353 4121 1537 4176 crtmtaattttas
1554 4139 1661 4176 omnem
1685 4139 1791 4194 proram
1816 4123 2025 4194 appellationem

1203 4205 1344 4259 inualidatn
1365 4222 1436 4266 esse,
1456 4223 1508 4261 non
1528 4207 1602 4276 pauci
1631 4215 1709 4270 srrnt,
1731 4205 1778 4276 qui
1806 4213 1930 4259 statuent.
1957 4207 2028 4270 Near-

1202 4305 1330 4342 cancesso
1344 4287 1500 4358 indultuque
1518 4290 1568 4342 lroc
1587 4289 1713 4358 singulari
1732 4289 1919 4360 appellationis
1947 4289 2024 4344 bene

1202 4369 1281 4439 licio,
1301 4391 1360 4426 mro
1380 4371 1492 4426 malefici
1512 4373 1667 4426 ridebantur
1689 4373 1779 4442 puniri
1806 4389 1895 4444 posses
1920 4389 2032 4446 semper

1202 4457 1277 4509 euim
1293 4475 1308 4508 a
1326 4459 1455 4510 scatentia
1468 4458 1518 4508 lata
1531 4457 1708 4526 appellarent,
1723 4465 1748 4507 et
1760 4453 1879 4524 quamvls
1891 4472 1942 4509 aaa
1955 4473 2023 4510 scru-

1202 4559 1252 4612 per
1265 4543 1313 4594 lrac
1326 4539 1443 4593 remedio
1457 4539 1641 4611 impunitatem
1655 4549 1892 4610 consequerentur,
1907 4541 2027 4595 multum.

628 4219 853 4261 exacuere

575 4374 913 4430 svnurntr

336 4542 513 4611 sempronius
525 4539 699 4610 cognationis
704 4538 771 4610 jura
783 4557 841 4594 non
856 4539 957 4596 doluit.
971 4537 995 4613 §i
1008 4546 1038 4595 1.,

336 4623 419 4681 uasto
431 4621 579 4678 dubitandi
588 4639 652 4675 cum
661 4621 805 4676 tanatum.
819 4624 841 4691 ς.
855 4625 882 4678 2.
1203 4635 1291 4678 tamnu
1309 4625 1341 4677 ad
1359 4625 1564 4694 appellationem
1584 4624 1633 4678 rite
1647 4621 1886 4692 interponendam,
1906 4623 2025 4680 introdu-

1202 4711 1313 4763 ceudam
1323 4749 1332 4776 ,
1350 4706 1610 4780 prosequendumque
1630 4708 1756 4778 temporis
1777 4707 1980 4779 impenderent,
1998 4721 2029 4765 et

1203 4791 1267 4843 hinc
1285 4809 1337 4844 non
1359 4799 1459 4844 tautum
1479 4789 1620 4861 disciplina
1633 4789 1736 4860 publica
1751 4807 1809 4842 cum
1823 4791 1955 4862 praesenti
1969 4795 2022 4846 rei·-

337 4873 450 4926 inuuare
468 4873 590 4936 ridetur,
611 4873 799 4943 Sempronium
819 4873 889 4926 hrrnc
908 4873 1070 4942 cognationis
1095 4877 1157 4944 jare
1203 4876 1277 4944 publ.
1294 4875 1389 4928 danum
1407 4871 1570 4939 differenda,
1591 4875 1638 4928 sed
1657 4885 1679 4927 et
1698 4889 1833 4944 processus
1851 4873 1905 4939 liic,
1918 4875 2026 4930 vivente

335 4972 389 5008 non
407 4955 545 5021 habuisse,
564 4958 625 5026 quia
645 4964 729 5010 mater
746 4957 831 5026 ipsius
849 4945 996 5028 Carphanie
1024 4969 1049 5010 et
1073 4958 1154 5013 liber·
1204 4954 1343 5018 maleficio,
1362 4957 1405 5009 ria
1424 4951 1554 5010 liniretur.
1567 4955 1622 5009 Nec
1636 4957 1727 5008 mitior
1740 4955 1873 5026 estLabep
1888 4957 1916 5012 iu
1929 4957 1948 5009 l.
1962 4957 2025 5010 ill.

336 5048 414 5091 tatem
434 5049 460 5093 et
479 5039 611 5092 ciuitatem
631 5049 657 5094 et
675 5041 714 5092 sic
732 5041 789 5107 iura
807 5043 970 5109 cognationis
986 5043 1098 5095 maxima
1111 5060 1153 5096 ca-
1201 5040 1235 5096 de
1253 5058 1283 5094 rr.
1300 5057 1321 5094 r.
1339 5039 1529 5112 distinguendo
1546 5039 1618 5095 iuter
1637 5042 1783 5094 multarunt
1802 5057 1923 5112 poenam,
1937 5043 1964 5096 in
1979 5043 2031 5098 llla-

335 5123 400 5194 pltls
419 5123 599 5176 diminutione
617 5121 786 5194 perdiderat,
805 5124 826 5176 l.
847 5126 871 5175 1.
890 5131 911 5189 ς.
920 5123 998 5192 filio.
1011 5123 1053 5196 ff.
1072 5127 1153 5180 desa.
1202 5125 1411 5198 provocationem
1431 5123 1618 5196 permittendo,
1631 5125 1659 5177 iu
1674 5143 1756 5197 poena
1775 5141 1837 5176 sero
1854 5127 1957 5196 legibus
1970 5137 2030 5182 sta·.

340 5205 441 5260 tertull.
458 5221 515 5259 coru
536 5206 619 5275 igitur
637 5205 786 5276 carpitania
805 5222 877 5260 serra
896 5224 978 5278 poena
995 5205 1155 5275 efficeretur,
1203 5219 1258 5263 tuta
1276 5209 1348 5262 hanc·
1362 5209 1530 5278 denegandas
1547 5226 1596 5261 nee
1615 5210 1687 5262 enim
1714 5230 1728 5264 a
1753 5209 1853 5280 legibus
1874 5209 2022 5286 adipsum

340 5291 513 5362 Sempronius
527 5286 584 5342 fisci
600 5286 672 5342 filius
685 5306 743 5342 essa
752 5288 850 5344 debuit.
1204 5293 1385 5362 magistratum
1405 5296 1491 5363 legam
1510 5293 1644 5346 custodem
1657 5295 1786 5366 appellari
1801 5297 1915 5368 potesll.
1928 5301 1955 5353 1.
1966 5307 1986 5363 ς.
2000 5301 2025 5353 l.

373 5380 394 5438 ς.
413 5374 439 5425 1.
458 5371 556 5426 Contra
574 5373 623 5425 lroa
642 5373 740 5426 directo
759 5373 873 5444 insurgit
893 5373 1041 5428 Marcianas
1056 5378 1086 5428 r'n
1098 5376 1115 5430 l.
1128 5377 1153 5428 ll.
1201 5373 1252 5446 ins.
1260 5373 1355 5446 ffiod
1370 5376 1483 5445 Turpill.
1495 5375 1530 5430 ob
1546 5395 1624 5447 qnam
1638 5395 1737 5432 causam
1751 5379 1780 5432 ln
1794 5397 1917 5450 processu
1930 5386 2024 5439 crimi·

336 5466 359 5522 ς.
375 5477 400 5526 ρ.
418 5459 451 5512 de
466 5467 537 5512 statu
555 5459 627 5510 dom
649 5455 802 5525 suffragante
821 5459 981 5526 imperatore
998 5457 1016 5508 l.
1037 5457 1062 5512 l.
1079 5476 1101 5512 c.
1122 5459 1159 5514 de
1201 5459 1253 5512 nali
1272 5459 1446 5529 inquisitorio
1463 5461 1839 5531 appellationem·io·8arooia
1850 5481 1903 5520 non
1916 5467 2032 5525 admitti·

335 5542 455 5614 paena,
467 5541 512 5612 qui
531 5543 640 5606 solunt,
657 5541 772 5594 liberum
792 5539 863 5595 nasci
882 5558 960 5605 eam,
979 5543 1151 5612 quem-libera
1203 5551 1339 5612 receptum
1360 5557 1415 5596 esse
1435 5543 1546 5611 ridetur,
1566 5545 1599 5601 do
1617 5565 1668 5619 quo
1685 5569 1709 5604 r·
1727 5547 1820 5621 Carpe.
1835 5569 1879 5622 pr.
1905 5553 1982 5610 en‘as.
1998 5575 2026 5627 g,

338 5627 434 5682 mutter
451 5627 742 5699 suomptr,anrs‹1asu
762 5625 931 5680 damnaretne
950 5626 977 5678 in
998 5628 1157 5696 metallum,
1203 5625 1310 5680 illan.
1329 5625 1371 5678 tt.
1390 5645 1459 5702 seqq,
1480 5629 1601 5686 imnncc
1621 5649 1721 5688 camera
1742 5632 1889 5707 imperialis
1908 5639 2023 5712 appella·

336 4798 358 4855 t.
378 4793 405 4844 1.
425 4746 536 4846 paulus
554 4803 585 4841 es
604 4788 671 4854 lace,
689 4788 758 4859 quad
776 4787 905 4852 delerat,
924 4804 1050 4860 respousa
1076 4789 1155 4844 laniis
