4416 6230
223 273 258 326 tt
844 270 1162 328 eunoenrtttt.
1755 280 1790 334 tt

172 369 314 459 regimen
339 389 504 435 sacrorum
531 373 702 454 potestate,
727 387 791 452 qua
816 367 957 457 episcopi
984 381 1015 432 at
1040 369 1285 462 arabi-episcopi
1313 371 1348 438 in
1374 369 1504 440 ecclesia
1534 369 1838 443 romano-catholica

171 481 314 548 nuquam
350 459 474 548 gerisi,
503 454 560 523 sed
584 455 680 544 louge
709 453 816 522 adbuc
839 459 1052 525 eminentiori
1080 465 1151 548 jure
1175 463 1350 544 fruantur,
1380 461 1469 554 qnod
1493 459 1613 528 scilicet
1642 463 1729 530 inter
1761 488 1840 534 euos

169 571 248 642 papa
276 549 347 614 sine
371 547 628 614 contradictione
654 561 799 634 usurpat.
825 546 894 613 lloc
919 571 995 616 vero
1020 573 1060 614 ne
1084 551 1125 616 de
1148 551 1232 618 sacto
1256 554 1320 620 sibi
1346 577 1512 643 arrogasse
1539 550 1733 632 rideantur,
1758 555 1838 646 legi-

171 643 231 706 bus
254 639 386 728 imperii
413 637 571 727 publicis,
598 641 804 726 maximeque
829 636 1151 721 fundamentalibus,
1174 645 1342 710 communi
1370 669 1434 709 uon
1462 655 1592 708 tantum
1622 642 1750 732 imperii
1775 660 1840 711 sta-

170 751 278 806 tunm,
303 727 359 794 sed
384 742 416 792 et
442 727 647 817 imperatoris
670 745 924 818 exterorumque
950 752 1062 818 regum
1088 755 1249 798 consensu
1279 733 1361 800 adeo
1390 735 1423 798 in
1450 732 1509 798 lroc
1537 735 1611 824 jure
1637 733 1839 816 confirmati,

169 837 203 886 ut
229 819 319 883 nulla
344 820 471 884 ratione
495 817 639 908 amplios
664 822 697 882 iu
722 841 761 881 eo
785 819 911 884 turbari
939 822 1073 908 possint.
1101 821 1145 886 Et
1169 823 1210 888 dc
1234 825 1292 891 lrac
1317 823 1510 914 principum
1538 839 1724 890 nostrorum
1752 839 1842 914 pote-

166 924 245 980 state
269 908 515 998 disputabimus
541 909 576 972 in
603 907 782 994 praesenti,
807 931 874 974 non
897 928 935 974 ut
961 909 994 972 iu
1019 907 1162 978 dubium
1189 937 1340 982 vocemus
1366 913 1472 990 illam,
1497 911 1553 979 sed
1581 929 1618 978 ut
1640 937 1680 978 ex
1709 917 1840 1003 imperii

171 1001 298 1093 legibus
323 999 471 1064 eamdem
498 994 726 1082 stabiliamns3
751 1001 809 1064 ubi
836 1000 1011 1090 praecipue
1035 1003 1257 1070 evincendum
1283 1005 1394 1080 uobis,
1417 1026 1517 1068 omne
1532 1005 1583 1092 jus
1601 1004 1732 1092 papale,
1749 1007 1837 1096 qnod

167 1111 240 1158 aute
264 1089 532 1156 reformationem
558 1089 777 1180 evangelicam
803 1093 949 1156 exercuit
972 1091 1006 1156 in
1032 1091 1082 1159 lris
1105 1096 1201 1160 terris
1225 1095 1387 1186 pontifex,
1413 1093 1624 1186 principibus
1648 1096 1764 1160 uostris
1782 1117 1841 1182 per

170 1186 255 1275 leges
280 1180 412 1270 imperii
440 1190 641 1269 competere,
667 1197 697 1245 et
721 1203 761 1245 err
786 1179 845 1249 hoc
870 1183 961 1248 sonte
985 1183 1062 1272 plus
1084 1182 1203 1252 deduci
1234 1209 1324 1276 posse
1353 1185 1390 1248 ad
1423 1184 1615 1252 erercitium
1647 1187 1843 1251 eminentis.

168 1273 239 1340 simi
266 1271 368 1360 liujus
389 1270 490 1358 juris,
514 1289 615 1359 qoam
642 1267 779 1360 quidem
804 1295 844 1336 ex
868 1272 1002 1360 vulgato
1027 1272 1097 1354 illo,
1123 1275 1288 1366 principes
1303 1274 1446 1367 gaudere
1470 1277 1542 1366 jure
1567 1274 1764 1364 episcopali,
1789 1278 1842 1344 vel

167 1389 207 1432 ex
228 1361 375 1452 simplici
402 1359 643 1451 superioritatis
668 1360 874 1428 territorialis
898 1361 1031 1448 ell'eotu3
1061 1388 1173 1430 rerum
1205 1389 1280 1432 oum
1312 1369 1346 1430 in
1381 1364 1439 1431 bac
1467 1363 1589 1430 difficili
1622 1365 1757 1430 materia
1791 1389 1844 1433 ee·

166 1477 236 1522 rare
259 1454 304 1521 sit
329 1449 547 1533 facillimum,
572 1451 700 1516 reniam
726 1474 822 1517 exoro
844 1477 862 1517 a
887 1453 1027 1519 candido
1050 1452 1185 1538 lectore,
1211 1469 1248 1522 ut
1272 1458 1298 1524 si
1326 1477 1392 1520 nou
1417 1455 1527 1520 omnia
1550 1451 1744 1521 adamussim
1769 1479 1843 1546 pro·

167 1543 246 1626 lata,
281 1543 411 1632 ingenii
443 1541 507 1610 mei
539 1539 760 1608 imbecillitati
796 1543 924 1608 reniam
953 1543 1130 1634 largietur,
1159 1571 1216 1612 nec
1251 1548 1339 1614 onim
1376 1545 1530 1611 materiae
1561 1541 1749 1628 difficultas,
1783 1568 1842 1614 nec

167 1634 326 1725 temporis
351 1632 449 1716 ratio,
473 1657 559 1724 quae
582 1631 626 1698 ob
651 1632 826 1698 instantem
851 1634 1138 1722 inaugurationem
1165 1635 1263 1703 bu'us
1290 1633 1488 1716 academiae,
1513 1656 1613 1724 qnam
1644 1633 1772 1701 felicem
1795 1636 1843 1724 ju·
1874 1661 1877 1670 ’

167 1726 237 1793 best
260 1747 333 1790 esse
367 1721 476 1800 Deus,
506 1745 610 1788 utores
639 1721 753 1788 tollere
781 1722 891 1812 jussit,
919 1723 1127 1790 accuratioris
1155 1663 1386 1792 elaborationis
1416 1723 1601 1792 facultatem
1631 1726 1843 1816 spatiumque

167 1815 331 1896 indulsit,
357 1815 489 1879 interim
516 1812 626 1878 Deum
651 1835 681 1876 o.
707 1835 749 1876 m.
773 1815 914 1898 supplex
940 1813 1070 1892 inrareo,
1098 1829 1135 1879 ut
1150 1817 1254 1880 arrimi
1269 1817 1482 1904 corporisque
1504 1816 1587 1880 vires
1605 1817 1685 1880 milri
1703 1815 1843 1881 olearon-

168 1911 292 1971 tissime
320 1903 496 1992 largiatur,
519 1923 588 1994 quo
603 1899 720 1966 'ournia
746 1902 785 1966 ad
804 1904 907 1992 ipsius
923 1903 1066 1968 nominis
1083 1904 1240 1996 gloriam,
1254 1903 1405 1970 ecclesiae
1421 1902 1630 1970 eourmodunr
1644 1919 1676 1969 et
1694 1905 1840 1994 reipubl.

171 2011 310 2088 vergant
334 1997 488 2062 salutern.

850 2169 1096 2241 CAPUT
1142 2174 1167 2241 l.

585 2369 638 2436 De
658 2370 737 2459 jure
759 2389 937 2434 sacrorum
959 2367 1175 2460 principibus
1198 2381 1421 2462 competente.

394 2583 427 2650 ,ι’
450 2583 478 2636 ἱ]
496 2581 531 2633 Π
546 2579 582 2632 Μ
597 2583 622 2634 A
641 2581 666 2632 n
686 2582 705 2632 1
719 2581 748 2630 A
1033 2579 1154 2633 rationes.
1173 2577 1248 2634 Tolle
1263 2579 1336 2632 enirn
1355 2596 1486 2633 sornmem
1513 2579 1541 2631 lu
1568 2578 1649 2633 sacris
1676 2592 1851 2650 potestatem,

1034 2667 1109 2718 tolles
1128 2665 1292 2733 religionem,
1313 2667 1387 2718 tolles
1408 2683 1502 2718 uestem
1524 2665 1671 2732 hominum,
1693 2670 1768 2720 tolles
1790 2689 1852 2723 cora·

160 2759 292 2810 dammae
303 2751 433 2823 potestati
444 2747 517 2803 ein'ti
534 2762 641 2802 summo
653 2743 778 2798 ooleueret
797 2742 984 2798 ecclesiasticis·
1032 2750 1136 2802 cordiae
1154 2749 1303 2812 riueulnm3
1325 2747 1426 2801 tarndrn
1446 2750 1524 2802 floret
1543 2751 1704 2818 respublica,
1725 2755 1855 2823 quamdiu

198 2847 222 2901 ς,
239 2843 266 2890 1,
845 2859 847 2866 ·
1033 2833 1121 2885 Moses
1138 2843 1165 2884 et
1184 2831 1271 2884 Aaron
1290 2830 1385 2884 iratres
1405 2845 1522 2898 enarrent,
1540 2833 1654 2886 Oldenb.
1669 2833 1736 2906 adj.
1749 2854 1774 2898 p.
1787 2854 1812 2900 p.
1827 2837 1852 2886 2.

162 2915 848 2993 Hunca'rreperutoresolr'rrtlilereeeercuerrant.§.
863 2913 888 2966 Ἃ.
1033 2913 1163 2988 at.1·t.§.
1189 2916 1216 2966 2.
1242 2915 1334 2984 Neque
1360 2917 1465 2968 illarum
1492 2917 1585 2969 ultima
1610 2928 1651 2969 est
1674 2921 1759 2983 ratio,
1783 2917 1854 2987 qood

161 3007 241 3069 Papo
257 3004 400 3074 quomodo
419 3015 525 3057 tanturn
543 2998 598 3055 sili
616 2997 786 3067 acquisiverit
803 2997 986 3068 potestatem?
1035 2999 1115 3050 lions.
1133 2999 1215 3053 XIII.
1234 2999 1320 3051 ornuis
1339 3002 1427 3052 enims
1441 3001 1555 3068 potestati
1569 3003 1729 3062 subtemiori‚
1744 3014 1770 3056 et
1783 3003 1854 3072 quod

197 3091 225 3165 §-
244 3095 274 3145 3,
1036 3087 1128 3151 tnagis,
1148 3085 1227 3137 etiam
1246 3083 1341 3151 gentili
1360 3084 1520 3151 subjiciatur,
1540 3084 1653 3137 illustris
1673 3085 1697 3138 d.
1714 3087 1747 3137 de
1760 3087 1853 3141 libers.

165 3177 347 3230 drumonem
361 3190 502 3230 sacrorum
516 3191 572 3227 non
597 3172 751 3225 noluerunt
772 3169 837 3224 olim
854 3168 987 3240 principes
1034 3167 1137 3220 dissert.
1156 3167 1189 3221 tle
1199 3166 1225 3240 1'.
1244 3167 1319 3221 circo
1336 3183 1417 3220 sacro
1435 3186 1457 3220 a.
1487 3171 1511 3220 l.
1537 3175 1557 3231 ς.
1580 3169 1606 3220 ὅ.
1632 3165 1719 3222 bimo.
1745 3182 1801 3223 not.
1829 3187 1851 3224 r.

199 3260 317 3324 imperii.
330 3261 353 3324 §.
367 3258 393 3310 l.
1036 3249 1141 3304 Fruar.
1159 3252 1177 3302 l.
1197 3252 1224 3304 ³.
1240 3269 1261 3304 a.
1281 3251 1306 3302 2.
1325 3252 1350 3304 d.
1367 3251 1458 3322 Neque
1477 3253 1499 3303 si
1521 3253 1598 3304 morlo
1626 3255 1796 3324 temporalem
1822 3257 1853 3308 in

163 3339 300 3410 Exceptis
312 3337 470 3409 quibusdam
485 3353 524 3390 ea·
534 3335 672 3406 singulari
681 3337 861 3391 concessione·
874 3343 896 3398 5.
908 3337 932 3389 5.
1037 3347 1106 3388 terre
1126 3345 1282 3404 potestatem
1302 3335 1406 3388 disiuae
1426 3336 1623 3389 subordinatum
1636 3353 1774 3404 supponas,
1795 3334 1855 3389 dse-

159 3425 209 3478 Ea
231 3423 438 3493 approbatione
449 3420 677 3474 eoraeordatorum
696 3440 713 3472 u
727 3421 892 3494 principibus
899 3417 987 3490 fiacto
1036 3429 1098 3472 runt
1115 3421 1233 3490 exempla
1253 3437 1342 3488 regum
1357 3421 1427 3471 iuter
1442 3419 1573 3471 israelitas
1587 3419 1770 3488 plurium,qui
1783 3437 1854 3471 sum·

201 3508 272 3579 quid
282 3507 432 3576 sequatur?
446 3517 466 3569 ξ.
480 3509 506 3558 t.
1037 3521 1105 3555 suern
1125 3505 1192 3556 cirre
1211 3521 1284 3556 saera
1302 3521 1390 3555 eurem
1404 3502 1455 3554 sibi
1469 3503 1681 3554 commendatam
1697 3503 1854 3556 babuerunt.

164 3595 229 3647 Non
243 3594 337 3665 majus
348 3593 412 3660 qnid
424 3609 502 3659 quom
517 3589 664 3658 imperator
675 3589 834 3643 doluerunt.
845 3587 868 3664 5.
883 3591 910 3643 l.
1037 3587 1213 3656 Quamobrem
1233 3599 1303 3639 recte
1320 3587 1422 3654 eosqui
1441 3585 1561 3636 eamdem
1581 3586 1687 3654 regibus
1703 3585 1756 3636 suit
1775 3585 1857 3638 dene·

162 3681 218 3732 lieo
231 3690 330 3731 tamen
346 3678 444 3748 irq'uste
454 3675 553 3728 elector
563 3673 706 3728 Suoeoniue
719 3691 785 3725 more
798 3694 816 3727 o
835 3683 929 3740 coepto
947 3689 988 3727 re·
1036 3679 1098 3738 gent
1116 3681 1281 3740 potestatem,
1296 3670 1524 3722 excommunicare
1535 3669 1670 3721 ecclesiam
1681 3668 1856 3738 anglicanam,

186 3761 424 3830 Jirrertntionejres
439 3759 581 3826 religionis
592 3758 645 3811 sita·
656 3758 813 3810 vindicavit.
827 3757 850 3829 5.
863 3757 890 3808 8.
1039 3753 1126 3808 nullus
1142 3754 1244 3817 dubio,
1261 3770 1320 3805 curn
1340 3752 1366 3804 b.
1386 3749 1530 3804 Brunnem.
1542 3751 1568 3822 j.
1588 3750 1652 3802 ecel.
1670 3750 1688 3802 l.
1709 3753 1734 3801 1.
1746 3769 1768 3804 e.
1789 3751 1814 3802 2.
1832 3752 1856 3818 ς.

163 3841 313 3914 Quomodo
334 3844 386 3896 sili
396 3844 422 3915 j.
448 3859 593 3898 sacrorum
614 3841 809 3910 acquisiverint
832 3839 989 3909 principes?
1039 3837 1062 3889 ὅ.
1082 3838 1250 3907 pluribusque
1270 3839 1336 3888 hanc
1356 3835 1492 3889 materiam
1513 3843 1715 3903 persequuntur,
1735 3830 1761 3886 d.
1785 3831 1856 3886 Con·

206 3936 229 3989 ξ.
252 3927 282 3980 9.
1037 3923 1106 3990 ring.
1123 3917 1157 3976 de
1175 3923 1241 3993 maj.
1260 3921 1314 3972 ein.
1334 3931 1438 3973 auctor.
1457 3931 1483 3972 et
1501 3918 1577 3990 offic.
1591 3919 1665 3972 circo
1678 3935 1764 3970 sacru.
1777 3920 1855 3987 lingo

169 4016 216 4066 An
232 4021 309 4067 reete
322 4010 439 4065 restituti
449 4006 631 4080 dicontur?§.
645 4009 688 4062 to.
1037 4005 1114 4058 Grot.
1132 4003 1166 4058 cle
1183 4005 1276 4076 imper.
1296 4020 1391 4056 summ.
1407 4013 1504 4072 potest.
1530 4001 1602 4055 circu
1620 4019 1711 4054 sacru.
1737 3999 1766 4051 B.
1791 4000 1817 4053 d.
1843 4021 1859 4053 s

163 4096 217 4148 Ea·
232 4095 505 4166 solosuperioritutie
525 4091 699 4145 territorialir
720 4091 798 4144 titulo
819 4089 874 4144 illis
890 4090 987 4143 adseri·
1039 4087 1209 4142 Seckenrlorl.
1235 4086 1354 4140 Tentoria
1373 4085 1491 4139 Furrten
1509 4085 1548 4136 dt.
1566 4105 1596 4152 p.
1621 4085 1649 4136 2.
1674 4102 1696 4136 c.
1716 4085 1765 4138 ΧΙ.
1784 4106 1809 4156 q.
1833 4090 1855 4140 t.

197 4181 265 4234 bere
275 4179 325 4252 jus
341 4197 474 4234 snnrmum
493 4193 650 4240 sacrarunt,
671 4193 728 4228 nore
739 4175 806 4229 sutis
820 4187 927 4229 contum
941 4186 988 4229 ert·
1038 4173 1134 4224 illustr.
1153 4171 1198 4224 dn.
1213 4171 1383 4224 cancellarius
1404 4171 1437 4221 de
1453 4166 1716 4223 teramnanae.
1737 4170 1778 4220 19.
1792 4187 1859 4224 cose·

198 4267 220 4332 §.
245 4267 292 4316 ss.
1037 4255 1103 4308 clus.
1122 4257 1146 4308 li·
1166 4267 1192 4306 et
1209 4257 1234 4306 ¹1.
1256 4256 1308 4308 Du.
1329 4251 1449 4306 ennena.
1468 4251 1495 4305 in
1510 4253 1559 4304 der
1576 4252 1685 4304 Binler't.
1699 4270 1749 4306 sur
1764 4253 1845 4306 msto

168 4341 875 4416 (luimusirieveniaretnonrineprirecipnm?§.12.
1039 4340 1079 4393 rie
1096 4356 1119 4392 e.
1137 4339 1202 4393 ΧΙΙ.
1221 4335 1245 4409 5
1263 4339 1290 4390 i.
1307 4347 1334 4392 et
1353 4339 1379 4389 ’1.
1398 4335 1507 4389 Gbckel.
1526 4335 1559 4388 de
1585 4335 1650 4407 anaj-
1669 4337 1718 4389 rel.
1730 4337 1756 4408 1'.
1774 4337 1811 4388 tls.
1832 4341 1859 4390 3.

163 4433 214 4484 Are
228 4430 374 4500 religionis
386 4427 530 4483 diversitas
539 4427 585 4498 lus
594 4431 706 4484 brorum
719 4427 824 4481 neuter?
836 4435 857 4490 ς.
873 4429 917 4483 tt.
1039 4421 1090 4475 set
1110 4438 1163 4473 non
1182 4437 1249 4489 optat
1268 4435 1324 4472 etto
1343 4418 1417 4481 4⁰0⁰·
1432 4421 1557 4486 mititem
1570 4419 1635 4473 telle
1649 4419 1687 4470 rel
1701 4423 1753 4486 itm
1769 4423 1857 4474 mni-

302 4569 304 4574 ,
1038 4503 1118 4558 lestee
1137 4503 1267 4556 foenerari
1287 4504 1371 4556 locem
1391 4499 1557 4555 testimoniis
1574 4499 1680 4554 aliunde
1700 4504 1803 4571 petitis.

165 4543 231 4650 alas
254 4612 385 4648 annaeum
404 4594 432 4647 ta
451 4593 529 4646 terris
547 4595 618 4649 neca
637 4611 708 4648 sares
727 4595 868 4662 majestate
894 4606 945 4658 ern
965 4593 989 4648 si
1072 4587 1141 4660 §2
1159 4587 1231 4640 uiue
1247 4583 1396 4640 euertuntur
1413 4595 1468 4648 εει.
1487 4585 1521 4638 etl
1548 4586 1692 4654 importuna
1721 4596 1859 4653 nostran,

165 4682 241 4734 euim
263 4682 388 4750 prinecps
407 4681 543 4748 utriusque
558 4679 657 4732 tabulae
669 4689 774 4744 castore
789 4679 810 4732 si
826 4679 871 4746 qoi
887 4689 990 4748 praeest
1039 4674 1127 4728 missis
1146 4671 1311 4741 generalibus
1331 4669 1387 4722 illis
1406 4669 1524 4735 iuribus,
1551 4669 1661 4738 propius
1680 4667 1856 4733 descerrders,

165 4763 303 4836 reipubl.,
323 4765 422 4817 eunetis
441 4765 468 4814 in
488 4765 621 4832 republica
639 4773 757 4834 praeest,
777 4765 885 4818 melodi
905 4767 988 4820 eecle-
1038 4757 1145 4828 etquid
1165 4757 1260 4826 capiti,
1278 4753 1343 4824 quiri
1364 4753 1491 4805 membris
1509 4753 1622 4822 reipubl.
1645 4769 1754 4805 turnaco
1770 4767 1860 4822 germ.

170 4849 209 4900 siu
231 4865 285 4900 non
305 4846 410 4916 poterin
431 4845 573 4914 imperinm
595 4849 685 4916 igitur,
705 4858 729 4901 et
746 4859 772 4900 ut
786 4849 821 4900 its
835 4847 935 4918 loquar,
949 4867 989 4902 ss·
1039 4845 1081 4896 bio
1100 4841 1218 4895 relietum
1236 4839 1303 4908 juris
1322 4837 1367 4900 sit,
1387 4835 1551 4904 insertique
1571 4835 1795 4904 primoomnium
1814 4853 1860 4888 ete·

166 4929 320 4984 serdotinm
339 4946 370 4981 es
388 4929 480 4982 eodem
502 4945 653 5000 promanant
678 4929 765 4995 lanto,
791 4932 881 4984 eadem
900 4934 989 5000 origo,
1039 4936 1090 4980 tem
1110 4923 1307 4995 inquirendum:
1327 4938 1422 4974 onnon
1445 4920 1625 4986 insperatoree
1649 4919 1763 4974 rorneri
1786 4935 1861 4972 earo·

172 5025 198 5066 et
218 5013 376 5082 conjunctio
396 5021 467 5065 teate
484 5022 534 5076 est,
554 5023 582 5063 ut
601 5011 683 5064 diridi
704 5025 849 5082 nequeant,
870 5015 902 5066 Ι).
922 5017 989 5068 Con·
1039 5027 1111 5065 enum
1130 5008 1195 5062 olins
1214 5009 1243 5060 in
1263 5004 1374 5078 irnperio
1395 5004 1535 5057 doluerint
1544 5003 1762 5073 jussere-orum?
1776 5003 1862 5073 Quie-

170 5097 245 5164 eiog.
265 5095 299 5149 de
314 5113 368 5168 poc
392 5104 492 5164 perpet.
510 5111 533 5149 s.
560 5097 612 5148 17.
639 5106 687 5150 rat.
711 5099 766 5151 17.
791 5098 813 5164 5.
839 5097 892 5151 17.
919 5100 990 5152 ilinc
1038 5091 1102 5162 quid
1121 5092 1164 5144 hio
1182 5090 1263 5143 etiarn
1283 5085 1417 5162 pontificii
1435 5088 1630 5152 contradicent,
1649 5086 1769 5142 stabii-ire
1788 5105 1858 5141 ranu-

169 5177 245 5248 qasrl
266 5179 384 5251 principi
402 5179 497 5248 coique
513 5195 617 5232 murino
634 5197 686 5233 non
710 5181 779 5234 circs
805 5177 912 5252 prolerre
933 5191 988 5234 tan·
1039 5193 1118 5246 quern
1137 5183 1262 5245 poterunt
1280 5173 1445 5242 negativam
1462 5188 1495 5224 es
1513 5171 1623 5226 historie
1641 5173 1713 5224 enim
1737 5173 1864 5226 ecciesia-

170 5277 226 5317 tnm
242 5299 250 5328 ,
269 5263 316 5318 sed
336 5279 408 5316 seere
426 5265 505 5316 etism
532 5273 662 5333 competat
681 5275 796 5336 potestas
816 5267 991 5336 legislatoris,
1041 5260 1107 5312 stica
1125 5250 1190 5311 satis
1209 5267 1320 5321 constet,
1340 5255 1504 5310 Christianos
1523 5256 1699 5324 imperatores
1720 5253 1863 5310 arbitrium

171 5347 276 5401 motu
294 5347 358 5400 setis
373 5347 487 5398 *deduxit
506 5345 552 5399 dn.
570 5348 653 5416 Ziegt
679 5347 716 5401 ad
737 5351 823 5403 lanc.
842 5349 860 5400 1.
882 5351 908 5403 3.
927 5360 945 5402 t.
968 5351 991 5401 t,
1041 5341 1110 5394 eirca
1129 5359 1199 5395 serre
1219 5341 1272 5395 sibi
1292 5339 1455 5404 vindicasse,
1476 5351 1499 5391 et
1518 5355 1645 5391 consensu
1663 5340 1785 5392 omnimo
1807 5337 1866 5392 iere

173 5438 186 5493 ς
226 5431 251 5484 2.
274 5431 350 5484 verb.
371 5430 409 5485 ito
431 5431 524 5483 etism.
544 5429 668 5502 licetque
692 5437 787 5486 acriter
810 5433 842 5487 de
866 5433 912 5486 bac
937 5435 994 5504 ipse
1043 5427 1225 5497 episcoporum
1245 5439 1287 5479 res
1307 5424 1394 5492 magni
1410 5422 1538 5475 momenti
1559 5423 1586 5473 in
1606 5421 1712 5474 eeclesia
1724 5437 1867 5474 oecurren-

175 5513 341 5586 disputatum
362 5515 397 5568 sit
418 5515 529 5568 materis
549 5513 619 5567 iatee
637 5515 770 5580 doctores,
790 5517 915 5587 inprimis
930 5519 992 5570 liol-
1045 5521 1083 5564 tet
1101 5512 1134 5564 ed
1153 5527 1243 5564 eorum
1262 5508 1423 5564 decisionem
1444 5508 1543 5561 delatas
1561 5505 1658 5569 luisse,
1681 5503 1784 5575 dequo
1803 5507 1867 5575 pln-

174 5599 281 5653 lendiee
299 5601 356 5654 Nic.
380 5599 519 5654 Venetiam
538 5609 563 5651 et
584 5599 615 5649 J.
634 5602 749 5654 lienium
770 5601 879 5671 integris
899 5601 994 5663 libris,
1044 5597 1118 5649 ribos
1136 5597 1173 5648 Μ.
1194 5593 1224 5646 Α.
1243 5591 1275 5646 de
1294 5593 1370 5646 Doro.
1394 5602 1473 5647 tract.
1493 5591 1525 5646 de
1542 5590 1639 5659 reputt.
1663 5595 1727 5646 eccl.
1752 5589 1868 5662 passim,

176 5679 338 5742 enifisientes
359 5693 445 5742 tarsen
464 5695 491 5740 et
509 5681 548 5738 ibt
568 5699 617 5754 pro
629 5693 716 5740 nostre
730 5685 855 5758 opinione
876 5683 997 5741 inernies
1048 5679 1174 5754 Conring.
1190 5682 1222 5736 ale
1241 5676 1306 5750 moi.
1324 5677 1378 5732 cir.
1396 5673 1492 5750 osfirio
1511 5679 1586 5734 eri-ra
1604 5695 1683 5733 saara
1703 5673 1739 5728 n.
1760 5672 1804 5726 tt.
1824 5671 1870 5728 li.
